002618896 FMT   L BK
002618896 LDR   L 00000cam^a22004454i^4500
002618896 001   L 002618896
002618896 005   L 20190222153524.0
002618896 007   L cr||||||||||||
002618896 008   L 080205s2007^^^^fi^||||^o^^^^f|0||0|fin|^
002618896 020   L $$a978-952-485-365-1$$qPDF
002618896 035   L $$a(FI-MELINDA)002618896
002618896 040   L $$aFI-NL$$bfin$$erda
002618896 0410  L $$afin$$bswe$$beng
002618896 042   L $$afinb
002618896 080   L $$a378
002618896 1001  L $$aAarrevaara, Timo,$$d1961-$$ekirjoittaja.$$0(FIN11)000075456
002618896 24510 L $$aSuomen virtuaaliyliopistoverkostojen arviointi /$$cTimo Aarrevaara [ja kolme muuta].
002618896 264 1 L $$a[Helsinki] :$$bOpetusministeriö, koulutus- ja tiedepolitiikan osasto,$$c2007.
002618896 300   L $$a1 verkkoaineisto (41 sivua)
002618896 336   L $$ateksti$$btxt$$2rdacontent
002618896 337   L $$atietokonekäyttöinen$$bc$$2rdamedia
002618896 338   L $$averkkoaineisto$$bcr$$2rdacarrier
002618896 4901  L $$aOpetusministeriön työryhmämuistioita ja selvityksiä,$$x1458-8102 ;$$v2007, 28
002618896 500   L $$aJulkaisun oikea ISSN-tunnus: 1797-951X.$$9FENNI<KEEP>
002618896 500   L $$aMuut tekijät: Sirkka Saranki-Rantakokko, Jari Stenvall ja Antti Syväjärvi.
002618896 500   L $$aPainetun sarjan ISSN 1458-8102.
002618896 5061  L $$aAineisto on käytettävissä vapaakappalekirjastoissa.$$fOnline access with authorization.$$2star$$5FI-Vapaa$$9FENNI<KEEP>
002618896 520   L $$aEvaluering av de virtuella universiteten i Finland.$$9FENNI<KEEP>
002618896 520   L $$aEvaluation of virtual university networks in Finland.$$9FENNI<KEEP>
002618896 538   L $$aInternet-yhteys, WWW-selain, Adobe Acrobat Reader.
002618896 540   L $$aAineisto on käytettävissä tutkimus- ja muihin tarkoituksiin;$$bKansalliskirjasto;$$cLaki kulttuuriaineistojen tallettamisesta ja säilyttämisestä$$uhttp://www.finlex.fi/fi/laki/ajantasa/2007/20071433$$5FI-Vapaa$$9FENNI<KEEP>
002618896 650 7 L $$avirtuaaliyliopistot$$2ysa
002618896 650 7 L $$aarviointi$$2ysa
002618896 7001  L $$aSaranki-Rantakokko, Sirkka,$$d1957-$$ekirjoittaja.$$0(FIN11)000133036
002618896 7001  L $$aStenvall, Jari,$$d1965-$$ekirjoittaja.$$0(FIN11)000074517
002618896 7001  L $$aSyväjärvi, Antti,$$d1968-$$ekirjoittaja.$$0(FIN11)000148681
002618896 7101  L $$aSuomi.$$bOpetusministeriö.$$bKoulutus- ja tiedepolitiikan osasto,$$ejulkaisija.$$0(FIN11)000034525
002618896 830 0 L $$aOpetusministeriön työryhmämuistioita ja selvityksiä,$$x1797-951X ;$$v2007, 28.
002618896 856   L $$uhttp://urn.fi/URN:ISBN:978-952-485-365-1$$zKäytettävissä vapaakappalekirjastoissa$$5FI-Vapaa
002618896 85640 L $$uhttp://urn.fi/URN:ISBN:978-952-485-365-1$$yLinkki verkkoaineistoon
002618896 SID   L $$c136901$$bjuolu
002618896 CAT   L $$aID-JUOLU$$b$$c20100608$$lFIN01$$h0232
002618896 CAT   L $$aCONV-ISBD$$b$$c20120402$$lFIN01$$h0601
002618896 CAT   L $$aFENNI40014$$b30$$c20140327$$lFIN01$$h1713
002618896 CAT   L $$aLOAD-FIX$$b30$$c20150103$$lFIN01$$h1140
002618896 CAT   L $$aCONV-RDA$$b$$c20160319$$lFIN01$$h0838
002618896 CAT   L $$aLOAD-FIX$$b30$$c20161026$$lFIN01$$h1523
002618896 CAT   L $$aLOAD-FIX$$b30$$c20161026$$lFIN01$$h1523
002618896 CAT   L $$aFENNI4005$$b30$$c20190221$$lFIN01$$h1715
002618896 CAT   L $$aFENNI4005$$b30$$c20190222$$lFIN01$$h1535
002618896 901   L $$aSU2019$$5FENNI
002618896 LOW   L $$aJUOLU
002618896 LOW   L $$aFENNI
