005811151 FMT   L BK
005811151 LDR   L 00000cam^a2201153^i^4500
005811151 001   L 005811151
005811151 005   L 20190221095405.0
005811151 006   L m||||||||d||||||||
005811151 007   L cu|||||||||c||
005811151 008   L 080430s2006^^^^fi^|||||o|||||||||0|fin|^
005811151 015   L $$afx883607$$2skl
005811151 020   L $$a952-487-049-5$$qPDF
005811151 035   L $$a(FI-MELINDA)005811151
005811151 040   L $$aFI-NL$$bfin
005811151 0410  L $$afin$$beng
005811151 042   L $$afinb
005811151 0801  L $$a663/664$$21974/fin/fennica$$9FENNI<KEEP>
005811151 084   L $$a67.7$$2ykl
005811151 24500 L $$aElintarvikeketjun toimijoiden ja kuluttajien käsityksiä luomutuotannosta ja luomuruoasta /$$cEliisa Sarkkinen ... [ja muita].
005811151 260   L $$aJokioinen :$$bMaa- ja elintarviketalouden tutkimuskeskus,$$c2006.
005811151 300   L $$a1 verkkoaineisto.
005811151 336   L $$ateksti$$btxt$$2rdacontent
005811151 337   L $$atietokonekäyttöinen$$bc$$2rdamedia
005811151 338   L $$averkkoaineisto$$bcr$$2rdacarrier
005811151 4901  L $$aMTT:n selvityksiä,$$x1458-5103 ;$$v124
005811151 5061  L $$aAineisto on käytettävissä vapaakappalekirjastoissa.$$fOnline access with authorization.$$2star$$5FI-Vapaa$$9FENNI<KEEP>
005811151 540   L $$aAineisto on käytettävissä tutkimus- ja muihin tarkoituksiin;$$bKansalliskirjasto;$$cLaki kulttuuriaineistojen tallettamisesta ja säilyttämisestä$$uhttp://www.finlex.fi/fi/laki/ajantasa/2007/20071433$$5FI-Vapaa$$9FENNI<KEEP>
005811151 500   L $$aKuvailun perusta: Kuvailu verkkoaineiston perusteella (5.2.2006).
005811151 500   L $$aTalous.
005811151 520   L $$aAbstract.
005811151 520   L $$aAbstract: Food chain actors' and consumers' conception of organic food.$$9FENNI<KEEP>
005811151 520   L $$aAbstract: Food chain actors' and consumers' conceptions of organic food.
005811151 538   L $$aAdobe Reader.
005811151 538   L $$aInternet-yhteys, pdf-lukuohjelma.
005811151 579   L $$aXLUETTELOITU$$bhamk
005811151 579   L $$aXLUETTELOITU$$boamk
005811151 588   L $$aKuvailun perusta: Nimeke nimiönäytöstä.$$9FENNI<KEEP>
005811151 650 7 L $$aluonnonmukainen tuotanto$$2ysa$$9FENNI<KEEP>
005811151 650 7 L $$aluomutuotteet$$2ysa$$9FENNI<KEEP>
005811151 650 7 L $$aluomuruoka$$2ysa$$9FENNI<KEEP>
005811151 650 7 L $$atuottajat$$xasenteet$$2ysa
005811151 650 7 L $$akuluttajat$$xasenteet$$2ysa
005811151 650 7 L $$akauppa$$xasenteet$$2ysa
005811151 650 7 L $$aelintarvikeketjut$$2ysa$$9FENNI<KEEP>
005811151 650 7 L $$atuottajat$$2ysa$$9FENNI<KEEP>
005811151 650 7 L $$akuluttajat$$2ysa$$9FENNI<KEEP>
005811151 650 7 L $$akauppa$$2ysa$$9FENNI<KEEP>
005811151 650 7 L $$avalmistajat$$2ysa$$9FENNI<KEEP>
005811151 650 7 L $$asuurkeittiöt$$2ysa$$9FENNI<KEEP>
005811151 650 7 L $$aammattikeittiöt$$2ysa$$9FENNI<KEEP>
005811151 650 7 L $$aasenteet$$2ysa$$9FENNI<KEEP>
005811151 650 7 L $$aelintarvikkeet$$2ysa
005811151 650 7 L $$aluonnonmukaisuus$$2ysa
005811151 650 7 L $$amaanviljelijät$$2ysa
005811151 650 7 L $$akäsitykset$$2ysa$$9FENNI<KEEP>
005811151 650 7 L $$amielipiteet$$2ysa$$9FENNI<KEEP>
005811151 650 7 L $$aelintarviketuotanto$$2ysa
005811151 653   L $$aluomuruoka
005811151 7102  L $$aMaa- ja elintarviketalouden tutkimuskeskus.
005811151 7001  L $$aJakosuo, Katri.
005811151 7001  L $$aAakkula, Jyrki.
005811151 7001  L $$aForsman-Hugg, Sari.
005811151 7001  L $$aKottila, Marja-Riitta.
005811151 7001  L $$aRönni, Päivi.
005811151 7001  L $$aSarkkinen, Eliisa.
005811151 830 0 L $$aMTT:n selvityksiä,$$x1458-5103 ;$$v124.
005811151 85640 L $$uhttp://urn.fi/URN:ISBN:952-487-049-5$$yLinkki verkkoaineistoon
005811151 85640 L $$uhttp://urn.fi/URN:ISBN:952-487-049-5$$zKäytettävissä vapaakappalekirjastoissa$$5FI-Vapaa
005811151 SID   L $$c90770$$bhamk
005811151 SID   L $$c61047$$blaure
005811151 SID   L $$c142976$$btamk
005811151 SID   L $$c127608$$boamk
005811151 SID   L $$c883607$$bfenni
005811151 CAT   L $$aLOAD-FENNI$$b$$c20101207$$lFIN01$$h2336
005811151 CAT   L $$aLOAD-FENNI$$b$$c20110530$$lFIN01$$h2315
005811151 CAT   L $$aCONV-ISBD$$b$$c20120402$$lFIN01$$h0933
005811151 CAT   L $$aLOAD-HAMK$$b$$c20120619$$lFIN01$$h0414
005811151 CAT   L $$aLOAD-LAURE$$b$$c20130413$$lFIN01$$h0635
005811151 CAT   L $$aLOAD-TAMK$$b$$c20130421$$lFIN01$$h0338
005811151 CAT   L $$aLOAD-OAMK$$b$$c20131115$$lFIN01$$h1114
005811151 CAT   L $$aLOAD-FIX$$b$$c20131118$$lFIN01$$h1603
005811151 CAT   L $$aLOAD-FIX$$b$$c20131122$$lFIN01$$h1330
005811151 CAT   L $$aLOAD-FENNI$$b$$c20140116$$lFIN01$$h0048
005811151 CAT   L $$aLOAD-FIX$$b$$c20140118$$lFIN01$$h1405
005811151 CAT   L $$aLOAD-FIX$$b$$c20140125$$lFIN01$$h0507
005811151 CAT   L $$aLOAD-FIX$$b$$c20140201$$lFIN01$$h0701
005811151 CAT   L $$aLOAD-FIX$$b30$$c20150122$$lFIN01$$h0412
005811151 CAT   L $$aLOAD-FIX$$b30$$c20150703$$lFIN01$$h1939
005811151 CAT   L $$aLOAD-FIX$$b30$$c20160103$$lFIN01$$h0532
005811151 CAT   L $$aCONV-RDA$$b$$c20160319$$lFIN01$$h0849
005811151 CAT   L $$aLOAD-FIX$$b30$$c20160428$$lFIN01$$h1748
005811151 CAT   L $$aLOAD-FIX$$b30$$c20161026$$lFIN01$$h1605
005811151 CAT   L $$aLOAD-FIX$$b30$$c20161026$$lFIN01$$h1812
005811151 CAT   L $$aLOAD-FIX$$b30$$c20180114$$lFIN01$$h0852
005811151 CAT   L $$aLOAD-FIX$$b30$$c20180114$$lFIN01$$h0852
005811151 CAT   L $$aTAMK4005$$b30$$c20180321$$lFIN01$$h1540
005811151 CAT   L $$aFENNI4001$$b30$$c20190221$$lFIN01$$h0954
005811151 901   L $$aSU20190220$$5FENNI
005811151 LOW   L $$aFENNI
005811151 LOW   L $$aHAMK
005811151 LOW   L $$aLAURE
005811151 LOW   L $$aOAMK
005811151 LOW   L $$aTAMK
