005811161 FMT   L BK
005811161 LDR   L 00000cam^a2200901^i^4500
005811161 001   L 005811161
005811161 005   L 20190220125529.0
005811161 006   L m||||||||d||||||||
005811161 007   L cu|||||||||c||
005811161 008   L 080508s2006^^^^fi^|||||o|||||||||0|fin|^
005811161 015   L $$afx884157$$2skl
005811161 020   L $$a952-487-039-8$$qPDF
005811161 035   L $$a(FI-MELINDA)005811161
005811161 040   L $$aFI-NL$$bfin
005811161 0410  L $$afin
005811161 042   L $$afinb
005811161 0801  L $$a55$$21974/fin/fennica$$9FENNI<KEEP>
005811161 084   L $$a50.14$$2ykl
005811161 1001  L $$aAura, Erkki,$$d1942-$$0(FIN11)000040840
005811161 24510 L $$aSavimaiden eroosio /$$cErkki Aura, Katariina Saarela ja Mari Räty.
005811161 260   L $$aHelsinki :$$bMTT Tietohallinto,$$c2006.
005811161 300   L $$a1 verkkoaineisto (32 sivua)
005811161 336   L $$ateksti$$btxt$$2rdacontent
005811161 337   L $$atietokonekäyttöinen$$bc$$2rdamedia
005811161 338   L $$averkkoaineisto$$bcr$$2rdacarrier
005811161 4901  L $$aMTT:n selvityksiä,$$x1458-5103 ;$$v118
005811161 5061  L $$aAineisto on käytettävissä vapaakappalekirjastoissa.$$fOnline access with authorization.$$2star$$5FI-Vapaa$$9FENNI<KEEP>
005811161 540   L $$aAineisto on käytettävissä tutkimus- ja muihin tarkoituksiin;$$bKansalliskirjasto;$$cLaki kulttuuriaineistojen tallettamisesta ja säilyttämisestä$$uhttp://www.finlex.fi/fi/laki/ajantasa/2007/20071433$$5FI-Vapaa$$9FENNI<KEEP>
005811161 500   L $$aMaa- ja metsätalousministeriön Maatalousosaston Tutkimus- ja neuvontayksikön rahoittama yhteistutkimushanke Dnro 3298/502/2002.
005811161 500   L $$aYmpäristö.
005811161 538   L $$aInternet-yhteys; WWW-selain; Abobe Reader.
005811161 579   L $$aXLUETTELOITU$$boamk
005811161 588   L $$aKuvailun perusta: Nimeke nimiönäytöstä.$$9FENNI<KEEP>
005811161 650 7 L $$asavi$$2ysa$$9FENNI<KEEP>
005811161 650 7 L $$aeroosio$$2ysa$$9FENNI<KEEP>
005811161 650 7 L $$adiffuusio$$2ysa$$9FENNI<KEEP>
005811161 650 7 L $$amallintaminen$$2ysa$$9FENNI<KEEP>
005811161 650 7 L $$amaanparannus$$2ysa$$9FENNI<KEEP>
005811161 650 7 L $$amaanparannusaineet$$2ysa$$9FENNI<KEEP>
005811161 650 7 L $$akalkitus$$2ysa$$9FENNI<KEEP>
005811161 650 7 L $$amaanmuokkaus$$2ysa
005811161 650 7 L $$amaalajit$$2ysa
005811161 650 7 L $$apolymeerit$$2ysa
005811161 650 7 L $$asuorakylvö$$2ysa
005811161 650 7 L $$asavimaat$$2agrifors
005811161 7102  L $$aMaa- ja elintarviketalouden tutkimuskeskus.$$0(FIN11)000034903
005811161 7001  L $$aSaarela, Katariina.
005811161 7001  L $$aRäty, Mari,$$d1969-$$0(FIN11)000131961
005811161 7400  L $$aMaa- ja metsätalousministeriön Maatalousosaston Tutkimus- ja neuvontayksikön rahoittama yhteistutkimushanke Dnro 3298/502/2002.
005811161 830 0 L $$aMTT:n selvityksiä,$$x1458-5103 ;$$v118.
005811161 85640 L $$uhttp://urn.fi/URN:ISBN:952-487-039-8$$yLinkki verkkoaineistoon
005811161 85640 L $$uhttp://urn.fi/URN:ISBN:952-487-039-8$$zKäytettävissä vapaakappalekirjastoissa$$5FI-Vapaa
005811161 SID   L $$c74675$$bseamk
005811161 SID   L $$c124513$$boamk
005811161 SID   L $$c884157$$bfenni
005811161 CAT   L $$aLOAD-FENNI$$b$$c20101207$$lFIN01$$h2336
005811161 CAT   L $$aLOAD-FENNI$$b$$c20110530$$lFIN01$$h2318
005811161 CAT   L $$aLOAD-FENNI$$b$$c20120304$$lFIN01$$h0220
005811161 CAT   L $$aCONV-ISBD$$b$$c20120402$$lFIN01$$h0933
005811161 CAT   L $$aLOAD-SEAMK$$b$$c20130302$$lFIN01$$h0200
005811161 CAT   L $$aLOAD-TAMK$$b$$c20130421$$lFIN01$$h0154
005811161 CAT   L $$aLOAD-OAMK$$b$$c20131115$$lFIN01$$h1114
005811161 CAT   L $$aLOAD-FIX$$b$$c20131118$$lFIN01$$h1603
005811161 CAT   L $$aLOAD-FIX$$b$$c20131122$$lFIN01$$h1330
005811161 CAT   L $$aLOAD-FENNI$$b$$c20140116$$lFIN01$$h0048
005811161 CAT   L $$aLOAD-FIX$$b$$c20140118$$lFIN01$$h1405
005811161 CAT   L $$aLOAD-FIX$$b$$c20140125$$lFIN01$$h0507
005811161 CAT   L $$aLOAD-FIX$$b$$c20140201$$lFIN01$$h0701
005811161 CAT   L $$aLOAD-FIX$$b30$$c20150122$$lFIN01$$h0412
005811161 CAT   L $$aLOAD-FIX$$b30$$c20150703$$lFIN01$$h1939
005811161 CAT   L $$aLOAD-FIX$$b30$$c20160103$$lFIN01$$h0532
005811161 CAT   L $$aCONV-RDA$$b$$c20160319$$lFIN01$$h0849
005811161 CAT   L $$aLOAD-FIX$$b30$$c20161026$$lFIN01$$h1605
005811161 CAT   L $$aLOAD-FIX$$b30$$c20161026$$lFIN01$$h1812
005811161 CAT   L $$aLOAD-FIX$$b30$$c20161026$$lFIN01$$h1812
005811161 CAT   L $$aLOAD-ALINK$$b30$$c20170816$$lFIN01$$h1936
005811161 CAT   L $$aLOAD-ALINK$$b30$$c20170816$$lFIN01$$h1936
005811161 CAT   L $$aTAMK4005$$b30$$c20190111$$lFIN01$$h1652
005811161 CAT   L $$aFENNI4001$$b30$$c20190220$$lFIN01$$h1255
005811161 901   L $$aSU20190220$$5FENNI
005811161 LOW   L $$aFENNI
005811161 LOW   L $$aOAMK
005811161 LOW   L $$aSEAMK
