006049689 FMT   L BK
006049689 LDR   L 00000cam^a2200637^i^4500
006049689 001   L 006049689
006049689 005   L 20190222160335.0
006049689 007   L cr^|||||||||||
006049689 008   L 070404s2007^^^^fi^||||^o^^^^f|0||0|fin|^
006049689 020   L $$a978-952-485-278-4$$qPDF
006049689 035   L $$a(FI-MELINDA)006049689
006049689 040   L $$aFI-NL
006049689 0410  L $$afin$$bswe
006049689 042   L $$afinb
006049689 0801  L $$a377$$21974/fin/fennica$$9FENNI<KEEP>
006049689 080   L $$a377/378
006049689 0801  L $$a378$$21974/fin/fennica$$9FENNI<KEEP>
006049689 080   L $$a378.6
006049689 084   L $$a38.4$$2ykl$$9FENNI<KEEP>
006049689 24500 L $$aAmmattikorkeakoulujen verkostohankkeet.
006049689 260   L $$a[Helsinki] :$$bOpetusministeriö, koulutus- ja tiedepolitiikan osasto,$$c2007.
006049689 300   L $$a1 verkkoaineisto (144 sivua)
006049689 336   L $$ateksti$$btxt$$2rdacontent
006049689 337   L $$atietokonekäyttöinen$$bc$$2rdamedia
006049689 338   L $$averkkoaineisto$$bcr$$2rdacarrier
006049689 4901  L $$aOpetusministeriön julkaisuja,$$x[1797-9501] ;$$v2007, 1
006049689 500   L $$aJulkaisussa virheellinen painetun ISSN-tunnus: 1458-8102.$$9FENNI<KEEP>
006049689 500   L $$aKuvailun perusta: Kuvailu verkkoaineiston perusteella (4.4.2007).
006049689 500   L $$aToimittajat: Mervi Friman, Minna Palos.
006049689 5061  L $$aAineisto on käytettävissä vapaakappalekirjastoissa.$$fOnline access with authorization.$$2star$$5FI-Vapaa$$9FENNI<KEEP>
006049689 5208  L $$aSammandrag.$$9FENNI<KEEP>
006049689 540   L $$aAineisto on käytettävissä tutkimus- ja muihin tarkoituksiin;$$bKansalliskirjasto;$$cLaki kulttuuriaineistojen tallettamisesta ja säilyttämisestä$$uhttp://www.finlex.fi/fi/laki/ajantasa/2007/20071433$$5FI-Vapaa$$9FENNI<KEEP>
006049689 579   L $$aXLUETTELOITU$$bhamk
006049689 650 7 L $$aammattikorkeakoulut$$2ysa$$9FENNI<KEEP>
006049689 650 7 L $$aprojektit$$2ysa$$9FENNI<KEEP>
006049689 650 7 L $$averkostoituminen$$2ysa$$9FENNI<KEEP>
006049689 650 7 L $$averkostot$$2ysa$$9FENNI<KEEP>
006049689 650 7 L $$aammattikorkeakoulut$$xverkostoituminen$$2ysa
006049689 650 7 L $$aammattikorkeakoulut$$xyhteistyö$$2ysa
006049689 650 7 L $$ahankkeet$$2ysa
006049689 650 7 L $$akansainvälinen yhteistyö$$2ysa
006049689 650 7 L $$akansainvälistyminen$$2ysa
006049689 650 7 L $$akumppanuus$$2ysa
006049689 650 7 L $$arekrytointi$$2ysa
006049689 650 7 L $$atyöelämä$$2ysa
006049689 650 7 L $$ayhteistyö$$2ysa
006049689 7001  L $$aFriman, Mervi.$$9FENNI<DROP>
006049689 7001  L $$aPalos, Minna.$$9FENNI<DROP>
006049689 7101  L $$aSuomi.$$bOpetusministeriö.$$bKoulutus- ja tiedepolitiikan osasto.$$0(FIN11)000034525
006049689 77608 L $$iPainettu:$$z9789524852777
006049689 830 0 L $$aOpetusministeriön julkaisuja,$$x1797-9501 ;$$v2007, 1.
006049689 856   L $$uhttp://urn.fi/URN:ISBN:978-952-485-278-4$$zKäytettävissä vapaakappalekirjastoissa$$5FI-Vapaa
006049689 85640 L $$uhttp://urn.fi/URN:ISBN:978-952-485-278-4$$yLinkki verkkoaineistoon
006049689 85640 L $$uhttp://www.minedu.fi/export/sites/default/OPM/Julkaisut/2007/liitteet/opm1.pdf?lang=fi$$qPDF$$9FENNI<DROP>
006049689 SID   L $$c51477$$bceamk
006049689 SID   L $$c92422$$bhamk
006049689 CAT   L $$aCONV-RDA$$b$$c20160319$$lFIN01$$h0818
006049689 CAT   L $$aLOAD-CEAMK$$b$$c20120917$$lFIN01$$h0502
006049689 CAT   L $$aLOAD-FIX$$b30$$c20150123$$lFIN01$$h0519
006049689 CAT   L $$aLOAD-FIX$$b30$$c20150704$$lFIN01$$h0440
006049689 CAT   L $$aLOAD-FIX$$b30$$c20160427$$lFIN01$$h1843
006049689 CAT   L $$aLOAD-FIX$$b30$$c20160428$$lFIN01$$h1807
006049689 CAT   L $$aLOAD-FIX$$b30$$c20161026$$lFIN01$$h1918
006049689 CAT   L $$aLOAD-FIX$$b30$$c20161026$$lFIN01$$h1918
006049689 CAT   L $$aLOAD-HAMK$$b$$c20120618$$lFIN01$$h2055
006049689 CAT   L $$aFENNI4005$$b30$$c20190222$$lFIN01$$h1554
006049689 CAT   L $$aFENNI4005$$b30$$c20190222$$lFIN01$$h1603
006049689 901   L $$aSU20190222$$5FENNI
006049689 LOW   L $$aFENNI
006049689 LOW   L $$aHAMK
