006156530 FMT   L BK
006156530 LDR   L 00000cam^a22004334i^4500
006156530 001   L 006156530
006156530 005   L 20190222153945.0
006156530 007   L cr||||||||||||
006156530 008   L 090217s2007^^^^fi^||||^o^^^^f|0|^0|fin|^
006156530 020   L $$a978-952-485-454-2$$qPDF
006156530 035   L $$a(FI-MELINDA)006156530
006156530 040   L $$aFI-NL$$bfin$$erda
006156530 0410  L $$afin$$bswe$$beng
006156530 042   L $$afinb
006156530 084   L $$a38.4$$2ykl
006156530 1102  L $$aAmmattikorkeakoulujen vieraskielisen koulutuksen yhteishaun projektiryhmä,$$ekirjoittaja.$$0(FIN11)000189367
006156530 24510 L $$aAmmattikorkeakoulujen vieraskieliseen tutkintoon johtavan koulutuksen projektiryhmän loppuraportti /$$cAmmattikorkeakoulujen vieraskielisen koulutuksen yhteishaun projektiryhmä.
006156530 264 1 L $$a[Helsinki] :$$bOpetusministeriö, koulutus- ja tiedepolitiikan osasto,$$c2007.
006156530 300   L $$a1 verkkoaineisto (33 sivua)
006156530 336   L $$ateksti$$btxt$$2rdacontent
006156530 337   L $$atietokonekäyttöinen$$bc$$2rdamedia
006156530 338   L $$averkkoaineisto$$bcr$$2rdacarrier
006156530 4901  L $$aOpetusministeriön työryhmämuistioita ja selvityksiä,$$x1458-8102 ;$$v2007, 50
006156530 500   L $$aJulkaisun oikea ISSN-tunnus: 1797-951X.$$9FENNI<KEEP>
006156530 5061  L $$aAineisto on käytettävissä vapaakappalekirjastoissa.$$fOnline access with authorization.$$2star$$5FI-Vapaa$$9FENNI<KEEP>
006156530 520   L $$aSlutrapporten av projektgruppen för gemensam ansökan till yrkeshögskolornas utbildning på främmande språk.$$9FENNI<KEEP>
006156530 520   L $$aFinal report of Project group for joint application of degree programmes conducted in a foreign language at polytechnics.$$9FENNI<KEEP>
006156530 540   L $$aAineisto on käytettävissä tutkimus- ja muihin tarkoituksiin;$$bKansalliskirjasto;$$cLaki kulttuuriaineistojen tallettamisesta ja säilyttämisestä$$uhttp://www.finlex.fi/fi/laki/ajantasa/2007/20071433$$5FI-Vapaa$$9FENNI<KEEP>
006156530 579   L $$aXLUETTELOITU$$bseamk
006156530 650 7 L $$aammattikorkeakoulut$$2ysa
006156530 650 7 L $$aopiskelijavalinnat$$2ysa
006156530 650 7 L $$akansainvälistyminen$$2ysa
006156530 650 7 L $$atutkinnot$$2ysa
006156530 650 7 L $$akorkeakoulututkinnot$$2ysa
006156530 650 7 L $$avieraskielinen opetus$$2ysa
006156530 650 7 L $$akansainvälisyys$$2ysa
006156530 650 7 L $$ayhteisvalinta$$2ysa
006156530 650 7 L $$aInternet$$2ysa
006156530 650 7 L $$asähköinen asiointi$$2ysa
006156530 7101  L $$aSuomi.$$bOpetusministeriö.$$bKoulutus- ja tiedepolitiikan osasto,$$ejulkaisija.$$0(FIN11)000034525
006156530 830 0 L $$aOpetusministeriön työryhmämuistioita ja selvityksiä,$$x1797-951X ;$$v2007, 50.
006156530 856   L $$uhttp://urn.fi/URN:ISBN:978-952-485-454-2$$zKäytettävissä vapaakappalekirjastoissa$$5FI-Vapaa
006156530 85640 L $$uhttp://urn.fi/URN:ISBN:978-952-485-454-2$$yLinkki verkkoaineistoon
006156530 SID   L $$c87106$$bseamk
006156530 CAT   L $$aLOAD-SEAMK$$b$$c20130301$$lFIN01$$h1907
006156530 CAT   L $$aLOAD-FIX$$b30$$c20150123$$lFIN01$$h1102
006156530 CAT   L $$aCONV-RDA$$b$$c20160319$$lFIN01$$h0824
006156530 CAT   L $$aFENNI4005$$b30$$c20190222$$lFIN01$$h1538
006156530 CAT   L $$aFENNI4005$$b30$$c20190222$$lFIN01$$h1539
006156530 901   L $$aSU2019$$5FENNI
006156530 LOW   L $$aSEAMK
006156530 LOW   L $$aFENNI
