006243344 FMT   L BK
006243344 LDR   L 00000cam^a2200373^i^4500
006243344 001   L 006243344
006243344 005   L 20190222170651.0
006243344 007   L cr||||||||||||
006243344 008   L 070131s2007^^^^fi^||||^o^^^^f|0|^0|fin|^
006243344 020   L $$a978-952-485-289-0$$qPDF
006243344 035   L $$a(FI-MELINDA)006243344
006243344 040   L $$aFI-NL
006243344 0410  L $$afin$$aest
006243344 042   L $$afinb
006243344 0801  L $$a327$$21974/fin/fennica$$9FENNI<KEEP>
006243344 0801  L $$a374$$21974/fin/fennica$$9FENNI<KEEP>
006243344 084   L $$a32.4$$2ykl$$9FENNI<KEEP>
006243344 084   L $$a38.7$$2ykl$$9FENNI<KEEP>
006243344 24500 L $$aLähtö ja loitsu :$$bSuomen ja Viron nuorisoyhteistyöstä = Tundeline teekond : Eesti ja Soome noorsookoostööst /$$c[suomennos = tõ̃lge soome keelde: Petteri Aarnos] ; [vironnos = tõlge eesti keelde: Ursula Mälk] ; [toimitus = toimetanud: Minna Heikkinen].
006243344 256   L $$aVerkkoaineisto: tekstiä ja kuvia (1951 KB, 187 s.).$$9FENNI<DROP>
006243344 260   L $$a[Helsinki] :$$bOpetusministeriö, kulttuuri-, liikunta- ja nuorisopolitiikan osasto,$$c2007.
006243344 300   L $$a1 verkkoaineisto (187 sivua)
006243344 336   L $$ateksti$$btxt$$2rdacontent
006243344 337   L $$atietokonekäyttöinen$$bc$$2rdamedia
006243344 338   L $$averkkoaineisto$$bcr$$2rdacarrier
006243344 4901  L $$aOpetusministeriön julkaisuja,$$x[1797-9501] ;$$v2007:4
006243344 500   L $$aJulkaisussa virheellisesti painetun ISSN-tunnus: 1458-8110.$$9FENNI<KEEP>
006243344 500   L $$aKuvailun perusta: Nimeke julkaisun nimiönäytöltä, kuvailtu 31.1.2007.
006243344 500   L $$aNuoperi-projekti = Nuorisotyön perinteen tallentaminen -projekti.$$9FENNI<KEEP>
006243344 5061  L $$aAineisto on käytettävissä vapaakappalekirjastoissa.$$fOnline access with authorization.$$2star$$5FI-Vapaa$$9FENNI<KEEP>
006243344 540   L $$aAineisto on käytettävissä tutkimus- ja muihin tarkoituksiin;$$bKansalliskirjasto;$$cLaki kulttuuriaineistojen tallettamisesta ja säilyttämisestä$$uhttp://www.finlex.fi/fi/laki/ajantasa/2007/20071433$$5FI-Vapaa$$9FENNI<KEEP>
006243344 650 7 L $$akansainvälinen yhteistyö$$2ysa$$9FENNI<KEEP>
006243344 650 7 L $$anuoret$$2ysa$$9FENNI<KEEP>
006243344 650 7 L $$anuorisopolitiikka$$2ysa$$9FENNI<KEEP>
006243344 650 7 L $$anuorisotyö$$2ysa$$9FENNI<KEEP>
006243344 651 7 L $$aSuomi$$2ysa$$9FENNI<KEEP>
006243344 651 7 L $$aViro$$2ysa$$9FENNI<KEEP>
006243344 7001  L $$aAarnos, Petteri,$$d1969-$$0(FIN11)000114432
006243344 7001  L $$aHeikkinen, Minna.
006243344 7001  L $$aMälk, Ursula.
006243344 7101  L $$aSuomi.$$bOpetusministeriö.$$bKulttuuri-, liikunta- ja nuorisopolitiikan osasto.$$0(FIN11)000034527
006243344 7400  L $$aSuomen ja Viron nuorisoyhteistyöstä.
006243344 7400  L $$aNuorisotyön perinteen tallentaminen -projekti.
006243344 7400  L $$aNuoperi-projekti.
006243344 7400  L $$aEesti ja Soome noorsookoostööst.
006243344 7400  L $$aEesti ja Soome noorsookoostöö.
006243344 7400  L $$aTundeline teekond.
006243344 77608 L $$iPainettu:$$z9789524852883$$9FENNI<KEEP>
006243344 830 0 L $$aOpetusministeriön julkaisuja,$$x1797-9501 ;$$v2007, 4.
006243344 856   L $$uhttp://urn.fi/URN:ISBN:978-952-485-289-0$$zKäytettävissä vapaakappalekirjastoissa$$5FI-Vapaa
006243344 85640 L $$uhttp://urn.fi/URN:ISBN:978-952-485-289-0$$yLinkki verkkoaineistoon
006243344 SID   L $$c52654$$bhurma
006243344 CAT   L $$aCONV-RDA$$b$$c20160319$$lFIN01$$h0827
006243344 CAT   L $$aHURMA4009$$b30$$c20180608$$lFIN01$$h0807
006243344 CAT   L $$aLOAD-FIX$$b30$$c20150123$$lFIN01$$h2042
006243344 CAT   L $$aLOAD-HURMA$$b$$c20130602$$lFIN01$$h2343
006243344 CAT   L $$aFENNI4005$$b30$$c20190222$$lFIN01$$h1656
006243344 CAT   L $$aFENNI4005$$b30$$c20190222$$lFIN01$$h1706
006243344 901   L $$aSU20190222$$5FENNI
006243344 LOW   L $$aFENNI
006243344 LOW   L $$aHURMA
