006247171 FMT   L BK
006247171 LDR   L 00000cam^a2200625^i^4500
006247171 001   L 006247171
006247171 005   L 20190222171944.0
006247171 007   L cr||||||||||||
006247171 008   L 080121s2007^^^^fi^||||^o^^^^f|0|^0|fin|^
006247171 020   L $$a978-952-485-465-8$$qPDF
006247171 035   L $$a(FI-MELINDA)006247171
006247171 040   L $$aFI-NL
006247171 0410  L $$afin
006247171 042   L $$afinb
006247171 0801  L $$a364$$x-053.2$$21974/fin/fennica$$9FENNI<KEEP>
006247171 084   L $$a32.4$$2ykl$$9FENNI<KEEP>
006247171 24500 L $$aLapsi- ja nuorisopolitiikan kehittämisohjelma 2007-2011 :$$bMatti Vanhasen II hallitus.
006247171 256   L $$aVerkkoaineisto Tekstiä ja kuvia (3719 KB, 124 s.).$$9FENNI<DROP>
006247171 260   L $$a[Helsinki] :$$bOpetusministeriö,$$c2007.
006247171 300   L $$a1 verkkoaineisto (122 sivua)
006247171 336   L $$ateksti$$btxt$$2rdacontent
006247171 337   L $$atietokonekäyttöinen$$bc$$2rdamedia
006247171 338   L $$averkkoaineisto$$bcr$$2rdacarrier
006247171 4901  L $$aOpetusministeriön julkaisuja,$$x[1797-9501] ;$$v2007:41
006247171 500   L $$aJulkaisussa virheellisesti painetun ISSN-tunnus: 1458-8110.$$9FENNI<KEEP>
006247171 500   L $$aKannessa myös: "Tulevaisuus velvoittaa, tämä päivä ratkaisee".$$9FENNI<KEEP>
006247171 500   L $$aKuvailun perusta: Nimeke julkaisun nimiönäytöltä, kuvailtu 21.1.2008.
006247171 500   L $$aJulkaistu myös englanniksi nimellä The Finnish government's child and youth policy programme 2007-2011.$$9FENNI<KEEP>
006247171 5061  L $$aAineisto on käytettävissä vapaakappalekirjastoissa.$$fOnline access with authorization.$$2star$$5FI-Vapaa$$9FENNI<KEEP>
006247171 540   L $$aAineisto on käytettävissä tutkimus- ja muihin tarkoituksiin;$$bKansalliskirjasto;$$cLaki kulttuuriaineistojen tallettamisesta ja säilyttämisestä$$uhttp://www.finlex.fi/fi/laki/ajantasa/2007/20071433$$5FI-Vapaa$$9FENNI<KEEP>
006247171 61014 L $$aSuomi.$$bValtioneuvosto.$$0(FIN11)000038018$$9FENNI<KEEP>
006247171 650 7 L $$ahyvinvointi$$2ysa$$9FENNI<KEEP>
006247171 650 7 L $$akehitysohjelmat$$2ysa$$9FENNI<KEEP>
006247171 650 7 L $$alapset$$2ysa$$9FENNI<KEEP>
006247171 650 7 L $$alapsipolitiikka$$2ysa$$9FENNI<KEEP>
006247171 650 7 L $$anuoret$$2ysa$$9FENNI<KEEP>
006247171 650 7 L $$anuorisopolitiikka$$2ysa$$9FENNI<KEEP>
006247171 650 7 L $$aasuminen$$2ysa
006247171 650 7 L $$aennaltaehkäisy$$2ysa
006247171 650 7 L $$akoulutus$$2ysa
006247171 650 7 L $$akulttuuripalvelut$$2ysa
006247171 650 7 L $$aluovuus$$2ysa
006247171 650 7 L $$amediakasvatus$$2ysa
006247171 650 7 L $$amonikulttuurisuus$$2ysa
006247171 650 7 L $$aosallistuminen$$2ysa
006247171 650 7 L $$aperheet$$2ysa
006247171 650 7 L $$asyrjäytyminen$$2ysa
006247171 650 7 L $$aterveys$$2ysa
006247171 650 7 L $$atietoverkot$$2ysa
006247171 650 7 L $$atukimuodot$$2ysa
006247171 650 7 L $$atyömarkkinat$$2ysa
006247171 650 7 L $$avähemmistöt$$2ysa
006247171 650 7 L $$ayhdenvertaisuus$$2ysa
006247171 650 7 L $$ayhdyskuntarakenne$$2ysa
006247171 650 7 L $$ayhteisöllisyys$$2ysa
006247171 7101  L $$aSuomi.$$bOpetusministeriö.$$0(FIN11)000034970
006247171 77608 L $$iPainettu:$$z9789524854641$$9FENNI<KEEP>
006247171 830 0 L $$aOpetusministeriön julkaisuja,$$x1797-9501 ;$$v2007, 41.
006247171 856   L $$uhttp://urn.fi/URN:ISBN:978-952-485-465-8$$zKäytettävissä vapaakappalekirjastoissa$$5FI-Vapaa
006247171 85640 L $$uhttp://urn.fi/URN:ISBN:978-952-485-465-8$$yLinkki verkkoaineistoon
006247171 SID   L $$c52653$$bhurma
006247171 CAT   L $$aCONV-RDA$$b$$c20160319$$lFIN01$$h0827
006247171 CAT   L $$aHURMA4009$$b30$$c20180608$$lFIN01$$h0755
006247171 CAT   L $$aHURMA4009$$b30$$c20180608$$lFIN01$$h0757
006247171 CAT   L $$aLOAD-FIX$$b30$$c20150123$$lFIN01$$h2052
006247171 CAT   L $$aLOAD-HURMA$$b$$c20130602$$lFIN01$$h2357
006247171 CAT   L $$aFENNI4005$$b30$$c20190222$$lFIN01$$h1711
006247171 CAT   L $$aFENNI4005$$b30$$c20190222$$lFIN01$$h1719
006247171 CAT   L $$aFENNI4005$$b30$$c20190222$$lFIN01$$h1719
006247171 CAT   L $$aFENNI4005$$b30$$c20190222$$lFIN01$$h1719
006247171 901   L $$aSU20190222$$5FENNI
006247171 LOW   L $$aFENNI
006247171 LOW   L $$aHURMA
