006261905 FMT   L BK
006261905 LDR   L 00000cam^a2200481^i^4500
006261905 001   L 006261905
006261905 005   L 20190222162621.0
006261905 007   L cr||||||||||||
006261905 008   L 070928s2007^^^^fi^||||^o^^^^f|0||0|fin|^
006261905 020   L $$a978-952-485-418-4$$qPDF
006261905 035   L $$a(FI-MELINDA)006261905
006261905 040   L $$aFI-NL
006261905 0410  L $$afin
006261905 042   L $$afinb
006261905 0801  L $$a377$$21974/fin/fennica$$9FENNI<KEEP>
006261905 080   L $$a378
006261905 084   L $$a38.542$$2ykl$$9FENNI<KEEP>
006261905 1001  L $$aJäppinen, Aini-Kristiina,$$d1954-$$0(FIN11)000130789
006261905 24510 L $$aKiinni ammattiin - ote opintoihin :$$bkeskeyttämisen vähentäminen ammatillisessa peruskoulutuksessa /$$cAini-Kristiina Jäppinen.
006261905 260   L $$aHelsinki :$$bOpetusministeriö, Koulutus- ja tiedepolitiikan osasto,$$c2007.
006261905 300   L $$a1 verkkoaineisto (120 sivua)
006261905 336   L $$ateksti$$btxt$$2rdacontent
006261905 337   L $$atietokonekäyttöinen$$bc$$2rdamedia
006261905 338   L $$averkkoaineisto$$bcr$$2rdacarrier
006261905 4901  L $$aOpetusministeriön julkaisuja,$$x[1797-9501] ;$$v2007:27
006261905 500   L $$aJulkaisussa virheellinen painetun ISSN-tunnus: 1458-8110.$$9FENNI<KEEP>
006261905 500   L $$aKuvailun perusta: Nimeke nimiönäytöstä.
006261905 5061  L $$aAineisto on käytettävissä vapaakappalekirjastoissa.$$fOnline access with authorization.$$2star$$5FI-Vapaa$$9FENNI<KEEP>
006261905 540   L $$aAineisto on käytettävissä tutkimus- ja muihin tarkoituksiin;$$bKansalliskirjasto;$$cLaki kulttuuriaineistojen tallettamisesta ja säilyttämisestä$$uhttp://www.finlex.fi/fi/laki/ajantasa/2007/20071433$$5FI-Vapaa$$9FENNI<KEEP>
006261905 546   L $$aEsipuhe ruotsiksi.$$9FENNI<KEEP>
006261905 650 7 L $$aammatillinen koulutus$$2ysa$$9FENNI<KEEP>
006261905 650 7 L $$aammatilliset oppilaitokset$$2ysa$$9FENNI<KEEP>
006261905 650 7 L $$ahyvät käytännöt$$2ysa$$9FENNI<KEEP>
006261905 650 7 L $$aopinnot$$2ysa$$9FENNI<KEEP>
006261905 650 7 L $$aopintojen keskeyttäminen$$2ysa$$9FENNI<KEEP>
006261905 650 7 L $$aalueet$$2ysa
006261905 650 7 L $$akeskeyttäminen$$2ysa
006261905 650 7 L $$aopiskelijat$$2ysa
006261905 650 7 L $$asitoutuminen$$2ysa
006261905 7101  L $$aSuomi.$$bOpetusministeriö.$$bKoulutus- ja tiedepolitiikan osasto.
006261905 7400  L $$aKeskeyttämisen vähentäminen ammatillisessa peruskoulutuksessa.
006261905 7400  L $$aOte opintoihin.$$9FENNI<DROP>
006261905 77608 L $$iPainettu:$$z9789524854177$$9FENNI<KEEP>
006261905 830 0 L $$aOpetusministeriön julkaisuja,$$x1797-9501 ;$$v2007, 27.
006261905 856   L $$uhttp://urn.fi/URN:ISBN:978-952-485-418-4$$zKäytettävissä vapaakappalekirjastoissa$$5FI-Vapaa
006261905 85640 L $$uhttp://urn.fi/URN:ISBN:978-952-485-418-4$$yLinkki verkkoaineistoon
006261905 SID   L $$c94689$$bsamk
006261905 CAT   L $$aCONV-RDA$$b$$c20160319$$lFIN01$$h0827
006261905 CAT   L $$aLOAD-FIX$$b30$$c20150124$$lFIN01$$h0000
006261905 CAT   L $$aLOAD-FIX$$b30$$c20160523$$lFIN01$$h1807
006261905 CAT   L $$aLOAD-SAMK$$b$$c20130603$$lFIN01$$h1541
006261905 CAT   L $$aFENNI4005$$b30$$c20190222$$lFIN01$$h1615
006261905 CAT   L $$aFENNI4005$$b30$$c20190222$$lFIN01$$h1626
006261905 901   L $$aSU20190222$$5FENNI
006261905 LOW   L $$aFENNI
006261905 LOW   L $$aSAMK
