006261938 FMT   L BK
006261938 LDR   L 00000cam^a2200589^i^4500
006261938 001   L 006261938
006261938 005   L 20190221171643.0
006261938 007   L cr|||^||||||||
006261938 008   L 070912s2007^^^^fi^||||^o^^^^f|0|^0|fin|^
006261938 020   L $$a978-952-485-329-3$$qPDF
006261938 035   L $$a(FI-MELINDA)006261938
006261938 040   L $$aFI-NL
006261938 0410  L $$afin$$bswe$$beng
006261938 042   L $$afinb
006261938 0801  L $$a364$$21974/fin/fennica$$9FENNI<KEEP>
006261938 0801  L $$a37$$21974/fin/fennica$$9FENNI<KEEP>
006261938 0801  L $$a613.8$$21974/fin/fennica$$9FENNI<KEEP>
006261938 0801  L $$a614$$21974/fin/fennica$$9FENNI<KEEP>
006261938 084   L $$a37.6$$2ykl$$9FENNI<KEEP>
006261938 084   L $$a38.4$$2ykl
006261938 084   L $$a59.567$$2ykl$$9FENNI<KEEP>
006261938 1101  L $$aPäihdeongelmien ehkäisyn ja hoidon koulutuksen kehittämistyöryhmä.$$0(FIN11)000025645
006261938 24510 L $$aPäihdeongelmien ehkäisyn ja hoidon koulutuksen kehittämistyöryhmän mietintö.
006261938 260   L $$a[Helsinki] :$$bOpetusministeriö, koulutus- ja tiedepolitiikan osasto,$$c2007.
006261938 300   L $$a1 verkkoaineisto (70 sivua)
006261938 336   L $$ateksti$$btxt$$2rdacontent
006261938 337   L $$atietokonekäyttöinen$$bc$$2rdamedia
006261938 338   L $$averkkoaineisto$$bcr$$2rdacarrier
006261938 4901  L $$aOpetusministeriön työryhmämuistioita ja selvityksiä / Opetusministeriö,$$x[1797-951X] ;$$v2007:17
006261938 500   L $$aJulkaisussa virheellisesti painetun ISSN-tunnus: 1458-8102.$$9FENNI<KEEP>
006261938 500   L $$aKoulutus.
006261938 500   L $$aOpetusministeriön ja sosiaali- ja terveysministeriön asettama työryhmä.
006261938 5061  L $$aAineisto on käytettävissä vapaakappalekirjastoissa.$$fOnline access with authorization.$$2star$$5FI-Vapaa$$9FENNI<KEEP>
006261938 520   L $$aAbstract.$$9FENNI<KEEP>
006261938 520   L $$aBetänkande av arbetsgruppen för att utveckla utbildningen i förebyggande och vårdande åtgärder vid missbrukar problem.$$9FENNI<KEEP>
006261938 520   L $$aTiivistelmä.
006261938 540   L $$aAineisto on käytettävissä tutkimus- ja muihin tarkoituksiin;$$bKansalliskirjasto;$$cLaki kulttuuriaineistojen tallettamisesta ja säilyttämisestä$$uhttp://www.finlex.fi/fi/laki/ajantasa/2007/20071433$$5FI-Vapaa$$9FENNI<KEEP>
006261938 650 7 L $$aehkäisevä päihdetyö$$2ysa$$9FENNI<KEEP>
006261938 650 7 L $$akoulutus$$2ysa$$9FENNI<KEEP>
006261938 650 7 L $$apäihdehuolto$$2ysa$$9FENNI<KEEP>
006261938 650 7 L $$aammatillinen koulutus$$2ysa
006261938 650 7 L $$aammatilliset oppilaitokset$$2ysa
006261938 650 7 L $$aammattikorkeakoulut$$2ysa
006261938 650 7 L $$aammattikoulutus$$2ysa
006261938 650 7 L $$ajatkokoulutus$$2ysa
006261938 650 7 L $$akorkea-asteen koulutus$$2ysa
006261938 650 7 L $$aoppisisällöt$$2ysa
006261938 650 7 L $$apäihdetyö$$2ysa
006261938 650 7 L $$atäydennyskoulutus$$2ysa
006261938 650 7 L $$ayliopistot$$2ysa
006261938 7101  L $$aSuomi.$$bOpetusministeriö.$$bKoulutus- ja tiedepolitiikan osasto.$$0(FIN11)000034525
006261938 77608 L $$iPainettu:$$z9789524853293$$9FENNI<KEEP>
006261938 830 0 L $$aOpetusministeriön työryhmämuistioita ja selvityksiä,$$x1797-951X ;$$v2007, 17.
006261938 856   L $$uhttp://urn.fi/URN:ISBN:978-952-485-329-3$$zKäytettävissä vapaakappalekirjastoissa$$5FI-Vapaa
006261938 85640 L $$uhttp://urn.fi/URN:ISBN:978-952-485-329-3$$yLinkki verkkoaineistoon
006261938 85640 L $$uhttp://www.minedu.fi/export/sites/default/OPM/Julkaisut/2007/liitteet/tr17.pdf?lang=fi$$qPDF$$9FENNI<DROP>
006261938 SID   L $$c107820$$bsamk
006261938 CAT   L $$aCONV-RDA$$b$$c20160319$$lFIN01$$h0827
006261938 CAT   L $$aFENNI4005$$b30$$c20190221$$lFIN01$$h1547
006261938 CAT   L $$aLOAD-FIX$$b30$$c20150124$$lFIN01$$h0000
006261938 CAT   L $$aLOAD-FIX$$b30$$c20160523$$lFIN01$$h1808
006261938 CAT   L $$aLOAD-SAMK$$b$$c20130603$$lFIN01$$h1541
006261938 CAT   L $$aFENNI4005$$b30$$c20190221$$lFIN01$$h1554
006261938 CAT   L $$aFENNI4005$$b30$$c20190221$$lFIN01$$h1603
006261938 CAT   L $$aFENNI4005$$b30$$c20190221$$lFIN01$$h1711
006261938 CAT   L $$aFENNI4005$$b30$$c20190221$$lFIN01$$h1716
006261938 901   L $$aSU20190221$$5FENNI
006261938 LOW   L $$aFENNI
006261938 LOW   L $$aSAMK
