006510291 FMT   L BK
006510291 LDR   L 00000cam^a2200829^i^4500
006510291 001   L 006510291
006510291 005   L 20190221103410.0
006510291 006   L m||||||||d||||||||
006510291 007   L cr^||||||||a||
006510291 008   L 050119s2004^^^^fi^|||||om^^^|||||0|fin|^
006510291 020   L $$a951-791-899-2$$qPDF
006510291 035   L $$a4576930
006510291 035   L $$a116782
006510291 035   L $$9&Taideorg+mm+2004+Hels+fin+Sorj+
006510291 035   L $$a(FI-MELINDA)006510291
006510291 040   L $$aFI-NL$$bfin
006510291 0410  L $$afin
006510291 042   L $$afinb
006510291 080   L $$a7.0$$21974/fin/fennica$$9FENNI<KEEP>
006510291 080   L $$a658.8$$21974/fin/fennica$$9FENNI<KEEP>
006510291 080   L $$a791/792$$21974/fin/fennica$$9FENNI<KEEP>
006510291 080   L $$a78$$21974/fin/fennica$$9FENNI<KEEP>
006510291 1001  L $$aSorjonen, Hilppa,$$d1952-$$0(FIN11)000059555
006510291 24510 L $$aTaideorganisaation markkinaorientaatio :$$bmarkkinaorientaation edellytykset ja ilmeneminen esitystaideorganisaation ohjelmistosuunnittelussa /$$cHilppa Sorjonen.
006510291 260   L $$aHelsinki :$$bHelsinki School of Economics,$$c2004.
006510291 300   L $$a1 verkkoaineisto (236 sivua) :$$bkuvitettu
006510291 336   L $$ateksti$$btxt$$2rdacontent
006510291 337   L $$atietokonekäyttöinen$$bc$$2rdamedia
006510291 338   L $$averkkoaineisto$$bcr$$2rdacarrier
006510291 4900  L $$aActa Universitatis oeconomicae Helsingiensis. A,$$x1237-556X$$v247
006510291 500   L $$aJulkaisussa painetun ISSN 1237-556X.$$9FENNI<KEEP>
006510291 502   L $$aVäitöskirja$$cHelsingin kauppakorkeakoulu.$$9FENNI<KEEP>
006510291 5061  L $$aAineisto on käytettävissä vapaakappalekirjastoissa.$$fOnline access with authorization.$$2star$$5FI-Vapaa$$9FENNI<KEEP>
006510291 540   L $$aAineisto on käytettävissä tutkimus- ja muihin tarkoituksiin;$$bKansalliskirjasto;$$cLaki kulttuuriaineistojen tallettamisesta ja säilyttämisestä$$uhttp://www.finlex.fi/fi/laki/ajantasa/2007/20071433$$5FI-Vapaa$$9FENNI<KEEP>
006510291 502   L $$aVäitöskirja :$$cHelsinki School of Economics.
006510291 530   L $$aJulkaistu myös painettuna (ISBN 951-791-898-4).
006510291 538   L $$aInternet-yhteys; WWW-selain; Adobe Acrobat Reader.
006510291 650 7 L $$ataide$$2ysa$$9FENNI<KEEP>
006510291 650 7 L $$aorganisaatiot$$2ysa$$9FENNI<KEEP>
006510291 650 7 L $$amarkkinointi$$2ysa$$9FENNI<KEEP>
006510291 650 7 L $$amarkkinat (taloustiede)$$2ysa$$9FENNI<KEEP>
006510291 650 7 L $$akulttuurilaitokset$$2ysa$$9FENNI<KEEP>
006510291 650 7 L $$aesittävät taiteet$$2ysa$$9FENNI<KEEP>
006510291 650 7 L $$aesitystaide$$2ysa$$9FENNI<KEEP>
006510291 650 7 L $$ateatterit (organisaatiot)$$2ysa$$9FENNI<KEEP>
006510291 650 7 L $$aooppera$$2ysa$$9FENNI<KEEP>
006510291 650 7 L $$amusiikkijuhlat$$2ysa$$9FENNI<KEEP>
006510291 650 7 L $$aorkesterit$$2ysa$$9FENNI<KEEP>
006510291 650 7 L $$aohjelmistot$$2ysa$$9FENNI<KEEP>
006510291 650 7 L $$aohjelmapolitiikka$$2ysa$$9FENNI<KEEP>
006510291 650 7 L $$aohjelmatarjonta$$2ysa$$9FENNI<KEEP>
006510291 650 7 L $$aasiakaslähtöisyys$$2ysa$$9FENNI<KEEP>
006510291 650 7 L $$akulttuuri$$2ysa
006510291 650 7 L $$aohjelmistot$$xsuunnittelu$$2ysa
006510291 650 7 L $$akulttuurin markkinointi$$2helecon
006510291 650 7 L $$akulttuurijohtaminen$$2helecon
006510291 655 7 L $$aväitöskirjat$$2ysa
006510291 77608 L $$iPainettu (nidottu):$$z951-791-898-4$$9FENNI<KEEP>
006510291 85640 L $$uhttp://urn.fi/URN:ISBN:951-791-898-4$$yLinkki verkkoaineistoon
006510291 85640 L $$uhttp://urn.fi/URN:ISBN:951-791-898-4$$zKäytettävissä vapaakappalekirjastoissa$$5FI-Vapaa
006510291 850   L $$aFI-Oaele
006510291 CAT   L $$aLOAD-OAMK$$b$$c20131121$$lFIN01$$h1709
006510291 CAT   L $$aLOAD-FIX$$b30$$c20150124$$lFIN01$$h1422
006510291 CAT   L $$aCONV-RDA$$b$$c20160319$$lFIN01$$h0834
006510291 CAT   L $$aLOAD-FIX$$b30$$c20161027$$lFIN01$$h1028
006510291 CAT   L $$aOAMK1001$$b30$$c20180417$$lFIN01$$h1017
006510291 CAT   L $$aFENNI40052$$b30$$c20180713$$lFIN01$$h1029
006510291 CAT   L $$aFENNI4001$$b30$$c20190220$$lFIN01$$h1300
006510291 CAT   L $$aFENNI4001$$b30$$c20190220$$lFIN01$$h1301
006510291 CAT   L $$aLOAD-FIX$$b30$$c20190221$$lFIN01$$h1034
006510291 CAT   L $$aLOAD-FIX$$b30$$c20190221$$lFIN01$$h1034
006510291 901   L $$aSU20190220$$5FENNI
006510291 LOW   L $$aFENNI
