006729586 FMT   L BK
006729586 LDR   L 00000cam^a2200505^i^4500
006729586 001   L 006729586
006729586 005   L 20190221172145.0
006729586 007   L cr|||^||||||||
006729586 008   L 140428s2007^^^^fi^||||^o^^^^f|0|^0|fin|^
006729586 020   L $$a978-952-485-292-0$$qPDF
006729586 035   L $$a(FI-MELINDA)006729586
006729586 040   L $$aFI-NL
006729586 0410  L $$afin$$bswe$$beng
006729586 042   L $$afinb
006729586 0801  L $$a377$$9FENNI<KEEP>
006729586 0801  L $$a378$$9FENNI<KEEP>
006729586 084   L $$a38.4$$2ykl$$9FENNI<KEEP>
006729586 1101  L $$aAiemmin suoritettujen opintojen ja aiemmin hankitun osaamisen tunnustaminen korkeakouluissa -työryhmä.$$0(FIN11)000025521
006729586 24510 L $$aAiemmin hankitun osaamisen tunnustaminen korkeakouluissa /$$c[Aiemmin suoritettujen opintojen ja aiemmin hankitun osaamisen tunnustaminen korkeakouluissa -työryhmä].
006729586 260   L $$a[Helsinki] :$$bOpetusministeriö, koulutus- ja tiedepolitiikan osasto,$$c2007.
006729586 300   L $$a1 verkkoaineisto (61 sivua)
006729586 336   L $$ateksti$$btxt$$2rdacontent
006729586 337   L $$atietokonekäyttöinen$$bc$$2rdamedia
006729586 338   L $$averkkoaineisto$$bcr$$2rdacarrier
006729586 4901  L $$aOpetusministeriön työryhmämuistioita ja selvityksiä,$$x[1797-951X] ;$$v2007:4
006729586 500   L $$aJulkaisussa virheellisesti painetun ISSN-tunnus: 1458-8102.$$9FENNI<KEEP>
006729586 5061  L $$aAineisto on käytettävissä vapaakappalekirjastoissa.$$fOnline access with authorization.$$2star$$5FI-Vapaa$$9FENNI<KEEP>
006729586 520   L $$aRecognising prior learning in higher education institutions.$$9FENNI<KEEP>
006729586 520   L $$aErkännande av tidigare förvärvad kompetens i högskolorna.$$9FENNI<KEEP>
006729586 540   L $$aAineisto on käytettävissä tutkimus- ja muihin tarkoituksiin;$$bKansalliskirjasto;$$cLaki kulttuuriaineistojen tallettamisesta ja säilyttämisestä$$uhttp://www.finlex.fi/fi/laki/ajantasa/2007/20071433$$5FI-Vapaa$$9FENNI<KEEP>
006729586 579   L $$aXLUETTELOITU$$bsamk
006729586 588   L $$aKuvailun perusta: Nimeke nimiönäytöltä.
006729586 650 7 L $$aammattikorkeakoulut$$2ysa$$9FENNI<KEEP>
006729586 650 7 L $$ahyväksilukeminen$$2ysa$$9FENNI<KEEP>
006729586 650 7 L $$akorkeakoulut$$2ysa$$9FENNI<KEEP>
006729586 650 7 L $$akorkeakoulututkinnot$$2ysa$$9FENNI<KEEP>
006729586 650 7 L $$aopinnot$$2ysa$$9FENNI<KEEP>
006729586 650 7 L $$aosaaminen$$2ysa$$9FENNI<KEEP>
006729586 650 7 L $$atunnustus$$2ysa$$9FENNI<KEEP>
006729586 650 7 L $$ayliopistot$$2ysa$$9FENNI<KEEP>
006729586 650 7 L $$akoulutusjärjestelmät$$2ysa
006729586 650 7 L $$atutkinnot$$2ysa
006729586 650 7 L $$avastaavuus$$2ysa
006729586 651 7 L $$aEurooppa$$2ysa
006729586 651 7 L $$aSuomi$$2ysa
006729586 77608 L $$iPainettu:$$z9789524852913$$9FENNI<KEEP>
006729586 830 0 L $$aOpetusministeriön työryhmämuistioita ja selvityksiä,$$x1797-951X ;$$v2007, 4.
006729586 856   L $$uhttp://urn.fi/URN:ISBN:978-952-485-292-0$$zKäytettävissä vapaakappalekirjastoissa$$5FI-Vapaa
006729586 85640 L $$uhttp://urn.fi/URN:ISBN:978-952-485-292-0$$yLinkki verkkoaineistoon
006729586 85640 L $$uhttp://www.minedu.fi/export/sites/default/OPM/Julkaisut/2007/liitteet/tr04.pdf?lang=fi$$yLinkki verkkoaineistoon$$9FENNI<DROP>
006729586 CAT   L $$aCONV-RDA$$b$$c20160319$$lFIN01$$h0842
006729586 CAT   L $$aLOAD-FIX$$b30$$c20150326$$lFIN01$$h0038
006729586 CAT   L $$aLOAD-FIX$$b30$$c20150326$$lFIN01$$h0038
006729586 CAT   L $$aLOAD-FIX$$b30$$c20160110$$lFIN01$$h1725
006729586 CAT   L $$aLOAD-FIX$$b30$$c20160110$$lFIN01$$h1725
006729586 CAT   L $$aSAMK4009$$b30$$c20140428$$lFIN01$$h0905
006729586 CAT   L $$aFENNI4005$$b30$$c20190221$$lFIN01$$h1607
006729586 CAT   L $$aFENNI4005$$b30$$c20190221$$lFIN01$$h1616
006729586 CAT   L $$aFENNI4005$$b30$$c20190221$$lFIN01$$h1721
006729586 901   L $$aSU20190221$$5FENNI
006729586 LOW   L $$aFENNI
006729586 LOW   L $$aSAMK
