006823552 FMT   L BK
006823552 LDR   L 00000cam^a2200493^i^4500
006823552 001   L 006823552
006823552 005   L 20190221141057.0
006823552 006   L m||||||||d||||||||
006823552 007   L cr|||||||||a||
006823552 008   L 061114s2006^^^^fi^|||||o|||||||||0|fin|^
006823552 020   L $$a952-487-023-1$$qPDF
006823552 035   L $$a(FI-MELINDA)006823552
006823552 040   L $$aFI-NL$$bfin
006823552 0410  L $$afin$$beng
006823552 042   L $$afinb
006823552 080   L $$a633+635$$21974/fin/fennica$$9FENNI<KEEP>
006823552 080   L $$a662$$21974/fin/fennica$$9FENNI<KEEP>
006823552 0801  L $$a633.853.4
006823552 080   L $$a631.1
006823552 080   L $$a620.95
006823552 1001  L $$aVihma, Antto,$$d1978-$$0(FIN11)000125611
006823552 24510 L $$aRypsibiodieselin (RME) maatilatuotannon kannattavuus /$$cAntto Vihma, Esa Aro-Heinilä ja Marko Sinkkonen.
006823552 256   L $$aVerkkoaineisto (1034 kt, 45 s.).
006823552 260   L $$aHelsinki :$$bMTT taloustutkimus,$$c2006.
006823552 300   L $$a1 verkkoaineisto (38 sivua)
006823552 336   L $$ateksti$$btxt$$2rdacontent
006823552 337   L $$atietokonekäyttöinen$$bc$$2rdamedia
006823552 338   L $$averkkoaineisto$$bcr$$2rdacarrier
006823552 4901  L $$aMTT:n selvityksiä,$$x1458-5103 ;$$v115
006823552 500   L $$aBioagre-hanke.$$9FENNI<KEEP>
006823552 5061  L $$aAineisto on käytettävissä vapaakappalekirjastoissa.$$fOnline access with authorization.$$2star$$5FI-Vapaa$$9FENNI<KEEP>
006823552 540   L $$aAineisto on käytettävissä tutkimus- ja muihin tarkoituksiin;$$bKansalliskirjasto;$$cLaki kulttuuriaineistojen tallettamisesta ja säilyttämisestä$$uhttp://www.finlex.fi/fi/laki/ajantasa/2007/20071433$$5FI-Vapaa$$9FENNI<KEEP>
006823552 520   L $$aAbstract: Economic viability of farm size biodiesel production.$$9FENNI<KEEP>
006823552 530   L $$aJulkaistu myös painettuna.
006823552 538   L $$aInternet-yhteys, Adobe Reader.
006823552 650 7 L $$abiopolttoaineet$$2ysa$$9FENNI<KEEP>
006823552 650 7 L $$adieselöljy$$2ysa$$9FENNI<KEEP>
006823552 650 7 L $$arypsi$$2ysa$$9FENNI<KEEP>
006823552 650 7 L $$aviljely$$2ysa$$9FENNI<KEEP>
006823552 650 7 L $$arypsiöljy$$2ysa$$9FENNI<KEEP>
006823552 650 7 L $$atuotanto$$2ysa$$9FENNI<KEEP>
006823552 650 7 L $$akannattavuus$$2ysa$$9FENNI<KEEP>
006823552 650 7 L $$atuotantokustannukset$$2ysa$$9FENNI<KEEP>
006823552 650 7 L $$amaatilat$$2agrifors
006823552 650 7 L $$akasvintuotanto$$2agrifors
006823552 650 7 L $$aenergiantuotanto$$2agrifors
006823552 650 7 L $$arypsi$$2agrifors
006823552 650 7 L $$aenergiakasvit$$2agrifors
006823552 650 7 L $$abiopolttoaineet$$2agrifors
006823552 650 7 L $$akannattavuus$$2agrifors
006823552 650 7 L $$aenergiapolitiikka$$2agrifors
006823552 7102  L $$aMaa- ja elintarviketalouden tutkimuskeskus.$$bTaloustutkimus.$$0(FIN11)000035290
006823552 77608 L $$iPainettu (nidottu):$$z952-487-022-3$$9FENNI<KEEP>
006823552 7001  L $$aAro-Heinilä, Esa,$$d1973-$$0(FIN11)000112365
006823552 7001  L $$aSinkkonen, Marko,$$d1974-$$0(FIN11)000098115
006823552 830 0 L $$aMTT:n selvityksiä,$$x1458-5103 ;$$v115.
006823552 85640 L $$uhttp://urn.fi/URN:ISBN:952-487-023-1$$yLinkki verkkoaineistoon
006823552 85640 L $$uhttp://urn.fi/URN:ISBN:952-487-023-1$$zKäytettävissä vapaakappalekirjastoissa$$5FI-Vapaa
006823552 SID   L $$c2012455$$bhelka
006823552 CAT   L $$aLOAD-HELKA$$b$$c20140805$$lFIN01$$h1023
006823552 CAT   L $$aLOAD-FIX$$b30$$c20150126$$lFIN01$$h1300
006823552 CAT   L $$aCONV-RDA$$b$$c20160319$$lFIN01$$h0846
006823552 CAT   L $$aLOAD-FIX$$b30$$c20160428$$lFIN01$$h2046
006823552 CAT   L $$aFENNI4001$$b30$$c20190221$$lFIN01$$h1410
006823552 CAT   L $$aFENNI4001$$b30$$c20190221$$lFIN01$$h1410
006823552 901   L $$aSU20190221$$5FENNI
006823552 LOW   L $$aHELKA
006823552 LOW   L $$aFENNI
