006825843 FMT   L BK
006825843 LDR   L 00000cam^a2200517^i^4500
006825843 001   L 006825843
006825843 005   L 20190220143607.0
006825843 006   L m||||||||d||||||||
006825843 007   L cr|||||||||a||
006825843 008   L 060127s2004^^^^fi^|||||o|||||||||0|eng|^
006825843 020   L $$a951-729-916-8$$qPDF
006825843 035   L $$a(FI-MELINDA)006825843
006825843 040   L $$aFI-NL$$bfin
006825843 0410  L $$aeng$$bfin
006825843 042   L $$afinb
006825843 080   L $$a631$$21974/fin/fennica$$9FENNI<KEEP>
006825843 0801  L $$a630.3$$21974/fin/fennica$$9FENNI<KEEP>
006825843 080   L $$a006$$21974/fin/fennica$$9FENNI<KEEP>
006825843 080   L $$a631.1
006825843 1001  L $$aTeye, Frederick Kwame,$$d1977-$$0(FIN11)000135468
006825843 24510 L $$aBenefits of agricultural and forestry machinery standardization in Finland /$$cFrederick Teye, Jukka Manni and Pekka Olkinuora.
006825843 256   L $$aVerkkoaineisto (1123 kt, 115 s.).$$9FENNI<DROP>
006825843 260   L $$a[Vihti] :$$bMTT, Agrifood Research Finland,$$c2004.
006825843 300   L $$a1 verkkoaineisto (93, [19] sivua) :$$bkuvitettu
006825843 336   L $$ateksti$$btxt$$2rdacontent
006825843 337   L $$atietokonekäyttöinen$$bc$$2rdamedia
006825843 338   L $$averkkoaineisto$$bcr$$2rdacarrier
006825843 4901  L $$aAgrifood research working papers ;$$x1458-5103 ;$$v78
006825843 5061  L $$aAineisto on käytettävissä vapaakappalekirjastoissa.$$fOnline access with authorization.$$2star$$5FI-Vapaa$$9FENNI<KEEP>
006825843 540   L $$aAineisto on käytettävissä tutkimus- ja muihin tarkoituksiin;$$bKansalliskirjasto;$$cLaki kulttuuriaineistojen tallettamisesta ja säilyttämisestä$$uhttp://www.finlex.fi/fi/laki/ajantasa/2007/20071433$$5FI-Vapaa$$9FENNI<KEEP>
006825843 500   L $$aAgricultural engineering.
006825843 520   L $$aTiivistelmä: Maa- ja metsätalouskoneiden standardisoinnin hyödyt Suomessa.$$9FENNI<KEEP>
006825843 530   L $$aJulkaistu myös painettuna.
006825843 538   L $$aInternet-yhteys, Adobe Reader.
006825843 579   L $$aXLUETTELOITU$$bhelka
006825843 650 7 L $$amaatalouskoneet$$2ysa$$9FENNI<KEEP>
006825843 650 7 L $$ametsäkoneet$$2ysa$$9FENNI<KEEP>
006825843 650 7 L $$astandardointi$$2ysa$$9FENNI<KEEP>
006825843 650 7 L $$astandardit$$2ysa$$9FENNI<KEEP>
006825843 650 7 L $$akoneteollisuus$$2ysa
006825843 650 7 L $$amaatalouskoneet$$2agrifors
006825843 650 7 L $$ametsäkoneet$$2agrifors
006825843 650 7 L $$astandardisointi$$2agrifors
006825843 653   L $$ahyötyanalyysi
006825843 7102  L $$aMaa- ja elintarviketalouden tutkimuskeskus.$$0(FIN11)000034903
006825843 77608 L $$iPainettu (nidottu):$$z951-729-915-X$$9FENNI<KEEP>
006825843 7001  L $$aManni, Jukka,$$d1954-$$0(FIN11)000074692
006825843 7001  L $$aOlkinuora, Pekka,$$d1945-$$0(FIN11)000054244
006825843 830 0 L $$aMTT:n selvityksiä,$$x1458-5103 ;$$v78.
006825843 85640 L $$uhttp://urn.fi/URN:ISBN:951-729-916-8$$yLinkki verkkoaineistoon
006825843 85640 L $$uhttp://urn.fi/URN:ISBN:951-729-916-8$$zKäytettävissä vapaakappalekirjastoissa$$5FI-Vapaa
006825843 SID   L $$c1959352$$bhelka
006825843 CAT   L $$aLOAD-HELKA$$b$$c20140807$$lFIN01$$h1456
006825843 CAT   L $$aLOAD-FIX$$b30$$c20150126$$lFIN01$$h1318
006825843 CAT   L $$aCONV-RDA$$b$$c20160319$$lFIN01$$h0846
006825843 CAT   L $$aFENNI4001$$b30$$c20190220$$lFIN01$$h1436
006825843 901   L $$aSU20190220$$5FENNI
006825843 9102  L $$aMTT$$bAgrifood Research Finland$$yMaa- ja elintarviketalouden tutkimuskeskus
006825843 LOW   L $$aHELKA
006825843 LOW   L $$aFENNI
