006828534 FMT   L BK
006828534 LDR   L 00000cam^a2200577^i^4500
006828534 001   L 006828534
006828534 005   L 20190221121709.0
006828534 006   L m||||||||d||||||||
006828534 007   L cr|||||||||a||
006828534 008   L 051011s2004^^^^fi^|||||o|||||||||0|fin|^
006828534 020   L $$a951-729-864-1$$qPDF
006828534 035   L $$a(FI-MELINDA)006828534
006828534 040   L $$aFI-NL$$bfin
006828534 0410  L $$afin$$beng
006828534 042   L $$afinb
006828534 080   L $$a636$$21974/fin/fennica$$9FENNI<KEEP>
006828534 080   L $$a712/719$$21974/fin/fennica$$9FENNI<KEEP>
006828534 0801  L $$a504.54
006828534 080   L $$a504.7
006828534 080   L $$a636.2.084.22$$x(480)
006828534 084   L $$a67.42$$2ykl$$9FENNI<KEEP>
006828534 24500 L $$aEmolehmien rantalaidunnuksen kehittäminen Oulun seudulla /$$cRiikka Sonninen ... [ja muita].
006828534 256   L $$aVerkkoaineisto (630 kt, 42 s.).
006828534 260   L $$aJokioinen :$$bMaa- ja elintarviketalouden tutkimuskeskus,$$c2004.
006828534 300   L $$a1 verkkoaineisto (42 sivua)
006828534 336   L $$ateksti$$btxt$$2rdacontent
006828534 337   L $$atietokonekäyttöinen$$bc$$2rdamedia
006828534 338   L $$averkkoaineisto$$bcr$$2rdacarrier
006828534 4901  L $$aMTT:n selvityksiä,$$x1458-5103 ;$$v60
006828534 5061  L $$aAineisto on käytettävissä vapaakappalekirjastoissa.$$fOnline access with authorization.$$2star$$5FI-Vapaa$$9FENNI<KEEP>
006828534 520   L $$aAbstract: Development of suckler cow grazing on the strand meadows in Oulu area.$$9FENNI<KEEP>
006828534 540   L $$aAineisto on käytettävissä tutkimus- ja muihin tarkoituksiin;$$bKansalliskirjasto;$$cLaki kulttuuriaineistojen tallettamisesta ja säilyttämisestä$$uhttp://www.finlex.fi/fi/laki/ajantasa/2007/20071433$$5FI-Vapaa$$9FENNI<KEEP>
006828534 500   L $$aKotieläintuotanto.$$9FENNI<KEEP>
006828534 530   L $$aJulkaistu myös painettuna.
006828534 538   L $$aInternet-yhteys, WWW-selain, Adobe Reader.
006828534 579   L $$aXLUETTELOITU$$bhelka
006828534 650 7 L $$aemolehmät$$2ysa$$9FENNI<KEEP>
006828534 650 7 L $$aniityt$$2ysa$$9FENNI<KEEP>
006828534 650 7 L $$aranta-alueet$$2ysa$$9FENNI<KEEP>
006828534 650 7 L $$arannat$$2ysa$$9FENNI<KEEP>
006828534 650 7 L $$ameret$$2ysa$$9FENNI<KEEP>
006828534 650 7 L $$alaitumet$$2ysa$$9FENNI<KEEP>
006828534 650 7 L $$akarjanhoito$$2ysa$$9FENNI<KEEP>
006828534 650 7 L $$aperinnemaisema$$2ysa$$9FENNI<KEEP>
006828534 650 7 L $$alehmät$$2ysa$$9FENNI<KEEP>
006828534 650 7 L $$alehmät$$xlaiduntaminen$$2ysa
006828534 650 7 L $$alaiduntaminen$$2ysa$$9FENNI<KEEP>
006828534 650 7 L $$aluonnon monimuotoisuus$$2ysa$$9FENNI<KEEP>
006828534 650 7 L $$aemolehmät$$2agrifors
006828534 650 7 L $$aitseuudistuva naudanlihantuotanto$$2agrifors
006828534 650 7 L $$akotieläintuotanto$$2agrifors
006828534 650 7 L $$alaiduntaminen$$2agrifors
006828534 650 7 L $$alaitumet$$2agrifors
006828534 650 7 L $$aluonnon monimuotoisuus$$2agrifors
006828534 650 7 L $$aluonnonlaitumet$$2agrifors
006828534 650 7 L $$amaisemanhoito$$2agrifors
006828534 650 7 L $$aniityt$$2agrifors
006828534 650 7 L $$aperinnemaisema$$2agrifors
006828534 651 7 L $$aEurooppa$$2ysa
006828534 651 7 L $$aSuomi$$2ysa
006828534 653   L $$amerenrantaniityt
006828534 7102  L $$aMaa- ja elintarviketalouden tutkimuskeskus$$0(FIN11)000034903
006828534 77608 L $$iPainettu:$$z951-729-863-3$$9FENNI<KEEP>
006828534 7001  L $$aSonninen, Riikka.
006828534 7001  L $$aJärvi, Matti.
006828534 7001  L $$aKiljala, Janne.
006828534 7001  L $$aHuuskonen, Arto.
006828534 830 0 L $$aMTT:n selvityksiä,$$x1458-5103 ;$$v60.
006828534 85640 L $$uhttp://urn.fi/URN:ISBN:951-729-864-1$$yLinkki verkkoaineistoon
006828534 85640 L $$uhttp://urn.fi/URN:ISBN:951-729-864-1$$zKäytettävissä vapaakappalekirjastoissa$$5FI-Vapaa
006828534 SID   L $$c1937175$$bhelka
006828534 CAT   L $$aLOAD-HELKA$$b$$c20140813$$lFIN01$$h1124
006828534 CAT   L $$aLOAD-FIX$$b30$$c20150126$$lFIN01$$h1342
006828534 CAT   L $$aLOAD-FIX$$b30$$c20160111$$lFIN01$$h1005
006828534 CAT   L $$aCONV-RDA$$b$$c20160319$$lFIN01$$h0847
006828534 CAT   L $$aFENNI4001$$b30$$c20190221$$lFIN01$$h1217
006828534 901   L $$aSU20190221$$5FENNI
006828534 LOW   L $$aHELKA
006828534 LOW   L $$aFENNI
