007331222 FMT   L BK
007331222 LDR   L 00000cam^a2200457^i^4500
007331222 001   L 007331222
007331222 005   L 20190102133106.0
007331222 007   L cr^|||||||||||
007331222 008   L 150817s2015^^^^fi^||||^o^^^^^00|^0|fin|^
007331222 020   L $$a978-952-7109-28-1$$qPDF
007331222 035   L $$a(FI-MELINDA)007331222
007331222 040   L $$aFI-NL$$bfin$$erda
007331222 0410  L $$afin$$beng
007331222 042   L $$afinb
007331222 0801  L $$a658$$21974/fin/fennica$$9FENNI<KEEP>
007331222 084   L $$a69.1$$2ykl
007331222 1001  L $$aSorama, Kirsti,$$ekirjoittaja.$$0(FIN11)000132480
007331222 24510 L $$aSopeutumista ja keskittymistä :$$bcase-tutkimus liiketoiminnan myymisestä osana yrityksen kehittämistä ja kasvua /$$cKirsti Sorama, Salla Kettunen, Juha Tall & Elina Varamäki.
007331222 24630 L $$aCase-tutkimus liiketoiminnan myymisestä osana yrityksen kehittämistä ja kasvua
007331222 264 1 L $$aSeinäjoki :$$bSeinäjoen ammattikorkeakoulu = Seinäjoki University of Applied Sciences,$$c2015.
007331222 300   L $$a1 verkkoaineisto (93 sivua)
007331222 336   L $$ateksti$$btxt$$2rdacontent
007331222 337   L $$atietokonekäyttöinen$$bc$$2rdamedia
007331222 338   L $$averkkoaineisto$$bcr$$2rdacarrier
007331222 4901  L $$aSeinäjoen ammattikorkeakoulun julkaisusarja. B, Raportteja ja selvityksiä,$$x1797-5573 ;$$v107
007331222 5061  L $$aAineisto on käytettävissä vapaakappalekirjastoissa.$$fOnline access with authorization.$$2star$$5FI-NL$$9FENNI<KEEP>
007331222 5208  L $$aAbstract.$$9FENNI<KEEP>
007331222 540   L $$aAineisto on käytettävissä tutkimus- ja muihin tarkoituksiin;$$bKansalliskirjasto;$$cLaki kulttuuriaineistojen tallettamisesta ja säilyttämisestä$$uhttp://www.finlex.fi/fi/laki/ajantasa/2007/20071433$$9FENNI<KEEP>
007331222 579   L $$aXLUETTELOITU$$bseamk
007331222 650 7 L $$ayritykset$$2ysa$$9FENNI<KEEP>
007331222 650 7 L $$aliiketoiminta$$2ysa$$9FENNI<KEEP>
007331222 650 7 L $$amyynti$$2ysa$$9FENNI<KEEP>
007331222 650 7 L $$apienet ja keskisuuret yritykset$$2ysa$$9FENNI<KEEP>
007331222 650 7 L $$aomistajanvaihdos$$2ysa$$9FENNI<KEEP>
007331222 650 7 L $$akehittäminen$$2ysa$$9FENNI<KEEP>
007331222 650 7 L $$akehitys$$2ysa$$9FENNI<KEEP>
007331222 650 7 L $$akasvu$$2ysa$$9FENNI<KEEP>
007331222 655 7 L $$atapaustutkimus$$2ysa
007331222 7001  L $$aKettunen, Salla,$$ekirjoittaja.
007331222 7001  L $$aTall, Juha,$$d1963-$$ekirjoittaja.$$0(FIN11)000060393
007331222 7001  L $$aVaramäki, Elina,$$d1971-$$ekirjoittaja.$$0(FIN11)000112345
007331222 7102  L $$aSeinäjoen ammattikorkeakoulu,$$ejulkaisija.$$0(FIN11)000037553
007331222 830 0 L $$aSeinäjoen ammattikorkeakoulun julkaisusarja.$$nB,$$pRaportteja ja selvityksiä,$$x1797-5573 ;$$v107.
007331222 85640 L $$uhttp://urn.fi/URN:ISBN:978-952-7109-28-1$$yLinkki verkkoaineistoon
007331222 85640 L $$uhttp://urn.fi/URN:NBN:fi-fe201803094309$$zKäytettävissä vapaakappalekirjastoissa$$5FENNI
007331222 CAT   L $$aSEAMK1005$$b30$$c20150817$$lFIN01$$h1257
007331222 CAT   L $$aSEAMK1005$$b30$$c20150817$$lFIN01$$h1258
007331222 CAT   L $$aSEAMK1005$$b30$$c20150817$$lFIN01$$h1324
007331222 CAT   L $$aSEAMK1005$$b30$$c20150817$$lFIN01$$h1413
007331222 CAT   L $$aCONV-RDA$$b$$c20160319$$lFIN01$$h0831
007331222 CAT   L $$aFENNI4005$$b30$$c20170929$$lFIN01$$h1105
007331222 CAT   L $$aLOAD-ALINK$$b30$$c20171004$$lFIN01$$h0517
007331222 CAT   L $$aLOAD-ALINK$$b30$$c20171004$$lFIN01$$h0517
007331222 CAT   L $$aLOAD-ALINK$$b30$$c20171006$$lFIN01$$h1236
007331222 CAT   L $$aLOAD-ALINK$$b30$$c20171006$$lFIN01$$h1236
007331222 CAT   L $$aFENNI4001$$b30$$c20190102$$lFIN01$$h1331
007331222 901   L $$aSU20190102$$5FENNI
007331222 9102  L $$aSeinäjoki University of Applied Sciences$$ySeinäjoen ammattikorkeakoulu
007331222 LOW   L $$aSEAMK
007331222 LOW   L $$aFENNI
