007331616 FMT   L BK
007331616 LDR   L 00000cam^a2200421^i^4500
007331616 001   L 007331616
007331616 005   L 20190102132511.0
007331616 007   L cr^|||||||||||
007331616 008   L 150817s2015^^^^fi^||||^o^^^^^00|^0|fin|^
007331616 020   L $$a978-952-7109-27-4$$qPDF
007331616 035   L $$a(FI-MELINDA)007331616
007331616 040   L $$aFI-NL$$bfin$$erda
007331616 0410  L $$afin$$beng
007331616 042   L $$afinb
007331616 0801  L $$a378$$21974/fin/fennica$$9FENNI<KEEP>
007331616 084   L $$a38.4$$2ykl
007331616 084   L $$a36.131$$2ykl
007331616 084   L $$a69.13$$2ykl
007331616 1001  L $$aRintamäki, Eija,$$ekirjoittaja.
007331616 24510 L $$aAlumnista mentoriksi :$$bkorkeakouluopinnoista sujuvasti työelämään -hankkeen raportti /$$cEija Rintamäki, Pia-Mari Riihilahti & Helena Hannu.
007331616 24630 L $$aKorkeakouluopinnoista sujuvasti työelämään -hankkeen raportti
007331616 264 1 L $$aSeinäjoki :$$bSeinäjoen ammattikorkeakoulu = Seinäjoki University of Applied Sciences,$$c2015.
007331616 300   L $$a1 verkkoaineisto (104 sivua) :$$bkuvitettu, karttoja
007331616 336   L $$ateksti$$btxt$$2rdacontent
007331616 337   L $$atietokonekäyttöinen$$bc$$2rdamedia
007331616 338   L $$averkkoaineisto$$bcr$$2rdacarrier
007331616 4901  L $$aSeinäjoen ammattikorkeakoulun julkaisusarja. B, Raportteja ja selvityksiä,$$x1797-5573 ;$$v104
007331616 5061  L $$aAineisto on käytettävissä vapaakappalekirjastoissa.$$fOnline access with authorization.$$2star$$5FI-NL$$9FENNI<KEEP>
007331616 540   L $$aAineisto on käytettävissä tutkimus- ja muihin tarkoituksiin;$$bKansalliskirjasto;$$cLaki kulttuuriaineistojen tallettamisesta ja säilyttämisestä$$uhttp://www.finlex.fi/fi/laki/ajantasa/2007/20071433$$5FI-Vapaa$$9FENNI<KEEP>
007331616 5208  L $$aAbstract.$$9FENNI<KEEP>
007331616 579   L $$aXLUETTELOITU$$bseamk
007331616 61024 L $$aSeinäjoen ammattikorkeakoulu.$$0(FIN11)000037553
007331616 650 7 L $$amentorointi$$2ysa$$9FENNI<KEEP>
007331616 650 7 L $$aalumnit$$2ysa$$9FENNI<KEEP>
007331616 650 7 L $$aammattikorkeakoulut$$2ysa$$9FENNI<KEEP>
007331616 650 7 L $$aopiskelijat$$2ysa$$9FENNI<KEEP>
007331616 650 7 L $$akorkeakouluopiskelu$$2ysa$$9FENNI<KEEP>
007331616 650 7 L $$aopinnot$$2ysa$$9FENNI<KEEP>
007331616 650 7 L $$akorkeakoulututkinnot$$2ysa$$9FENNI<KEEP>
007331616 650 7 L $$atyöllistyminen$$2ysa$$9FENNI<KEEP>
007331616 7102  L $$aSeinäjoen ammattikorkeakoulu,$$ejulkaisija.$$0(FIN11)000037553
007331616 7001  L $$aRiihilahti, Pia-Mari,$$d1967-$$0(FIN11)000128308$$ekirjoittaja.
007331616 7001  L $$aHannu, Helena,$$ekirjoittaja.
007331616 830 0 L $$aSeinäjoen ammattikorkeakoulun julkaisusarja.$$nB,$$pRaportteja ja selvityksiä,$$x1797-5573 ;$$v104.
007331616 85640 L $$uhttp://urn.fi/URN:ISBN:978-952-7109-27-4$$yLinkki verkkoaineistoon
007331616 85640 L $$uhttp://urn.fi/URN:NBN:fi-fe201803094320$$zKäytettävissä vapaakappalekirjastoissa$$5FENNI
007331616 CAT   L $$aSEAMK1005$$b30$$c20150817$$lFIN01$$h1458
007331616 CAT   L $$aCONV-RDA$$b$$c20160319$$lFIN01$$h0831
007331616 CAT   L $$aFENNI4005$$b30$$c20170927$$lFIN01$$h1655
007331616 CAT   L $$aLOAD-ALINK$$b30$$c20171004$$lFIN01$$h0517
007331616 CAT   L $$aLOAD-ALINK$$b30$$c20171004$$lFIN01$$h0517
007331616 CAT   L $$aCARETAKER$$b30$$c20171004$$lFIN01$$h0517
007331616 CAT   L $$aCARETAKER$$b30$$c20171004$$lFIN01$$h0517
007331616 CAT   L $$aFENNI4001$$b30$$c20190102$$lFIN01$$h1324
007331616 CAT   L $$aFENNI4001$$b30$$c20190102$$lFIN01$$h1325
007331616 901   L $$aSU20190102$$5FENNI
007331616 9102  L $$aSeinäjoki University of Applied Sciences$$ySeinäjoen ammattikorkeakoulu
007331616 LOW   L $$aSEAMK
007331616 LOW   L $$aFENNI
