007350279 FMT   L BK
007350279 LDR   L 00000cam^a2200409^i^4500
007350279 001   L 007350279
007350279 005   L 20190109152041.0
007350279 007   L cr^|||||||||||
007350279 008   L 150902s2015^^^^fi^||||^o^^^^^00|^0^fin|^
007350279 020   L $$a978-952-7109-35-9$$qPDF
007350279 035   L $$a(FI-MELINDA)007350279
007350279 040   L $$aFI-NL$$bfin$$erda
007350279 0410  L $$afin$$beng
007350279 042   L $$afinb
007350279 0801  L $$a658$$21974/fin/fennica$$9FENNI<KEEP>
007350279 084   L $$a69.1$$2ykl
007350279 1001  L $$aKettunen, Salla,$$ekirjoittaja.
007350279 24510 L $$aYritystoiminnasta luopuneiden uudet roolit /$$cSalla Kettunen, Elina Varamäki, Juha Tall & Marja Katajavirta.
007350279 264 1 L $$aSeinäjoki :$$bSeinäjoen ammattikorkeakoulu = Seinäjoki University of Applied Sciences,$$c2015.
007350279 300   L $$a1 verkkoaineisto (60 sivua)
007350279 336   L $$ateksti$$btxt$$2rdacontent
007350279 337   L $$atietokonekäyttöinen$$bc$$2rdamedia
007350279 338   L $$averkkoaineisto$$bcr$$2rdacarrier
007350279 4901  L $$aSeinäjoen ammattikorkeakoulun julkaisusarja. B, Raportteja ja selvityksiä,$$x1797-5573 ;$$v113
007350279 5061  L $$aAineisto on käytettävissä vapaakappalekirjastoissa.$$fOnline access with authorization.$$2star$$5FI-NL$$9FENNI<KEEP>
007350279 540   L $$aAineisto on käytettävissä tutkimus- ja muihin tarkoituksiin;$$bKansalliskirjasto;$$cLaki kulttuuriaineistojen tallettamisesta ja säilyttämisestä$$uhttp://www.finlex.fi/fi/laki/ajantasa/2007/20071433$$5FI-Vapaa$$9FENNI<KEEP>
007350279 520   L $$aEntrepreneurs' new roles after entrepreneurial exit.$$9FENNI<KEEP>
007350279 579   L $$aXLUETTELOITU$$bseamk
007350279 650 7 L $$ayritykset$$2ysa$$9FENNI<KEEP>
007350279 650 7 L $$ayritystoiminta$$2ysa$$9FENNI<KEEP>
007350279 650 7 L $$aluopuminen$$2ysa$$9FENNI<KEEP>
007350279 650 7 L $$ayrittäjät$$2ysa$$9FENNI<KEEP>
007350279 650 7 L $$ayrityskaupat$$2ysa$$9FENNI<KEEP>
007350279 650 7 L $$aomistajanvaihdos$$2ysa$$9FENNI<KEEP>
007350279 650 7 L $$aasiantuntijuus$$2ysa$$9FENNI<KEEP>
007350279 650 7 L $$apienet ja keskisuuret yritykset$$2ysa$$9FENNI<KEEP>
007350279 7001  L $$aVaramäki, Elina,$$d1971-$$ekirjoittaja.$$0(FIN11)000112345
007350279 7001  L $$aTall, Juha,$$d1963-$$ekirjoittaja.$$0(FIN11)000060393
007350279 7001  L $$aKatajavirta, Marja,$$ekirjoittaja.
007350279 7102  L $$aSeinäjoen ammattikorkeakoulu,$$ejulkaisija.$$0(FIN11)000037553
007350279 830 0 L $$aSeinäjoen ammattikorkeakoulun julkaisusarja.$$nB,$$pRaportteja ja selvityksiä,$$x1797-5573 ;$$v113.
007350279 85640 L $$uhttp://urn.fi/URN:ISBN:978-952-7109-35-9$$yLinkki verkkoaineistoon
007350279 85640 L $$uhttp://urn.fi/URN:NBN:fi-fe201803094273$$zKäytettävissä vapaakappalekirjastoissa$$5FENNI
007350279 CAT   L $$aSEAMK1005$$b30$$c20150902$$lFIN01$$h1629
007350279 CAT   L $$aCONV-RDA$$b$$c20160319$$lFIN01$$h0832
007350279 CAT   L $$aFENNI4005$$b30$$c20171003$$lFIN01$$h1536
007350279 CAT   L $$aFENNI4005$$b30$$c20171003$$lFIN01$$h1536
007350279 CAT   L $$aLOAD-ALINK$$b30$$c20171004$$lFIN01$$h0517
007350279 CAT   L $$aLOAD-ALINK$$b30$$c20171004$$lFIN01$$h0517
007350279 CAT   L $$aCARETAKER$$b30$$c20171004$$lFIN01$$h0517
007350279 CAT   L $$aCARETAKER$$b30$$c20171004$$lFIN01$$h0517
007350279 CAT   L $$aFENNI4001$$b30$$c20190109$$lFIN01$$h1520
007350279 901   L $$aSU20190109$$5FENNI
007350279 9102  L $$aSeinäjoki University of Applied Sciences$$ySeinäjoen ammattikorkeakoulu
007350279 LOW   L $$aSEAMK
007350279 LOW   L $$aFENNI
