009225523 FMT   L BK
009225523 LDR   L 00000cam^a2200373^i^4500
009225523 001   L 009225523
009225523 005   L 20190110075831.0
009225523 007   L cr^|||||||||||
009225523 008   L 151116s2015^^^^fi^||||^o^^^^^00|^0|fin|^
009225523 020   L $$a978-952-7109-37-3$$qPDF
009225523 035   L $$a(FI-MELINDA)009225523
009225523 040   L $$aFI-NL$$bfin$$erda
009225523 0410  L $$afin$$beng
009225523 042   L $$afinb
009225523 0801  L $$a377$$21974/fin/fennica$$9FENNI<KEEP>
009225523 0801  L $$a378$$21974/fin/fennica$$9FENNI<KEEP>
009225523 084   L $$a38.4$$2ykl
009225523 1001  L $$aSalminen-Tuomaala, Mari,$$d1968-$$ekirjoittaja.$$0(FIN11)000120828
009225523 24510 L $$aKansainvälisen tutkimus- ja kehittämishanketoiminnan edistäminen ammattikorkeakoulussa :$$bsillanrakentamista ja brokerointiosaamista /$$cMari Salminen-Tuomaala.
009225523 264 1 L $$aSeinäjoki :$$bSeinäjoen ammattikorkeakoulu = Seinäjoki University of Applied Sciences,$$c2015.
009225523 300   L $$a1 verkkoaineisto (34 sivua)
009225523 336   L $$ateksti$$btxt$$2rdacontent
009225523 337   L $$atietokonekäyttöinen$$bc$$2rdamedia
009225523 338   L $$averkkoaineisto$$bcr$$2rdacarrier
009225523 4901  L $$aSeinäjoen ammattikorkeakoulun julkaisusarja. B, Raportteja ja selvityksiä,$$x1797-5573 ;$$v115
009225523 5061  L $$aAineisto on käytettävissä vapaakappalekirjastoissa.$$fOnline access with authorization.$$2star$$5FI-NL$$9FENNI<KEEP>
009225523 540   L $$aAineisto on käytettävissä tutkimus- ja muihin tarkoituksiin;$$bKansalliskirjasto;$$cLaki kulttuuriaineistojen tallettamisesta ja säilyttämisestä$$uhttp://www.finlex.fi/fi/laki/ajantasa/2007/20071433$$5FI-Vapaa$$9FENNI<KEEP>
009225523 5208  L $$aPromotion of international research and development at the university of applied sciences: bridge builduing and brokering competence.$$9FENNI<KEEP>
009225523 579   L $$aXLUETTELOITU$$bseamk
009225523 650 7 L $$aammattikorkeakoulut$$2ysa$$9FENNI<KEEP>
009225523 650 7 L $$atutkimus- ja kehittämistoiminta$$2ysa$$9FENNI<KEEP>
009225523 650 7 L $$akansainvälistyminen$$2ysa$$9FENNI<KEEP>
009225523 650 7 L $$aprojektit$$2ysa$$9FENNI<KEEP>
009225523 7102  L $$aSeinäjoen ammattikorkeakoulu,$$ejulkaisija.$$0(FIN11)000037553
009225523 830 0 L $$aSeinäjoen ammattikorkeakoulun julkaisusarja.$$nB,$$pRaportteja ja selvityksiä,$$x1797-5573 ;$$v115.
009225523 85640 L $$uhttp://urn.fi/URN:ISBN:978-952-7109-37-3$$yLinkki verkkoaineistoon
009225523 85640 L $$uhttp://urn.fi/URN:NBN:fi-fe201803094306$$zKäytettävissä vapaakappalekirjastoissa$$5FENNI
009225523 CAT   L $$aSEAMK1005$$b30$$c20151116$$lFIN01$$h1249
009225523 CAT   L $$aOAMK4009$$b30$$c20151130$$lFIN01$$h1436
009225523 CAT   L $$aCONV-RDA$$b$$c20160319$$lFIN01$$h0824
009225523 CAT   L $$aFENNI4005$$b30$$c20171003$$lFIN01$$h1518
009225523 CAT   L $$aLOAD-ALINK$$b30$$c20171004$$lFIN01$$h0517
009225523 CAT   L $$aLOAD-ALINK$$b30$$c20171004$$lFIN01$$h0517
009225523 CAT   L $$aCARETAKER$$b30$$c20171004$$lFIN01$$h0517
009225523 CAT   L $$aCARETAKER$$b30$$c20171004$$lFIN01$$h0517
009225523 CAT   L $$aFENNI4001$$b30$$c20190110$$lFIN01$$h0758
009225523 901   L $$aSU20190110$$5FENNI
009225523 9102  L $$aSeinäjoki University of Applied Sciences$$ySeinäjoen ammattikorkeakoulu
009225523 LOW   L $$aSEAMK
009225523 LOW   L $$aOAMK
009225523 LOW   L $$aFENNI
