011438230 FMT   L BK
011438230 LDR   L 00000cam^a22^^^^^^i^4500
011438230 001   L 011438230
011438230 005   L 20190109142834.0
011438230 007   L cr|||^||||||||
011438230 008   L 170613s2017^^^^fi^||||^o^^^^|00|^0|fin|^
011438230 020   L $$a978-952-328-032-8$$qPDF
011438230 040   L $$aFI-Oamk$$bfin$$erda$$dFI-NL
011438230 0410  L $$afin
011438230 042   L $$afinb
011438230 0801  L $$a008$$21974/fin/fennica$$9FENNI<KEEP>
011438230 084   L $$a38.4$$2ykl
011438230 084   L $$a06$$2ykl$$9FENNI<KEEP>
011438230 24500 L $$aKutu Yamk :$$bkulttuurituotannosta kirjoitettua 2017 /$$cPia Strandman & Pekka Vartiainen (toim.)
011438230 24630 L $$aKulttuurituotannosta kirjoitettua 2017
011438230 264 1 L $$aHelsinki :$$bKulttuurituotanto Ylempi AMK-tutkinto / Humanistinen ammattikorkeakoulu, Metropolia Ammattikorkeakoulu,$$c2017.
011438230 300   L $$a1 verkkoaineisto (57 sivua) :$$bkuvitettu
011438230 336   L $$ateksti$$btxt$$2rdacontent
011438230 337   L $$atietokonekäyttöinen$$bc$$2rdamedia
011438230 338   L $$averkkoaineisto$$bcr$$2rdacarrier
011438230 500   L $$aToimittajat myös kirjoittajia.$$9FENNI<KEEP>
011438230 5061  L $$aAineisto on käytettävissä vapaakappalekirjastoissa.$$fOnline access with authorization.$$2star$$5FI-Vapaa$$9FENNI<KEEP>
011438230 540   L $$aAineisto on käytettävissä tutkimus- ja muihin tarkoituksiin;$$bKansalliskirjasto;$$cLaki kulttuuriaineistojen tallettamisesta ja säilyttämisestä$$uhttp://www.finlex.fi/fi/laki/ajantasa/2007/20071433$$5FI-Vapaa$$9FENNI<KEEP>
011438230 500   L $$aTämän julkaisun kirjoittajat ovat kevään 2016 – kevään 2017 aikana suorittaneet Humanistisen ammattikorkeakoulun ja Metropolia Ammattikorkeakoulun Kulttuurituottaja YAMK -tutkinnon. Heidän kehittämistyönsä löytyvät Suomen ammattikorkeakoulujen opinnäytetöiden sekä julkaisujen verkkosivustolta: http://theseus.fi/.
011438230 5050  L $$aAluksi -- Kulttuurikohtaamisia / Pia Strandman & Pekka Vartiainen -- Uusia oivalluksia ja ketteriä kokeiluja / Katri Halonen -- Artikkelit -- Yritysyhteistyöllä isoksi – vai ei sittenkään? / Riitta Aittokallio -- Toimivan verkoston takaa löytyy hyviä johtajia / Kirsi Bongwirnso -- Duudsonmaista rohkeutta yritysten markkinointiin / Miia Linnusmaa -- Kun sanat eivät riitä – kotoutumista maahanmuuttajaäideille / Sini Lundgrén -- Kulttuuri pelastaa pienen kunnan / Taina Myllynen -- Heikoilla signaaleilla teatterikatsojat pois kotisohvalta / Petri Pakarimäki -- Taidetoiminta lähiön kaupunkitiloissa luo uudenlaisia kohtaamisia / Ia Pellinen -- Turun Kaupunginteatteri kehitti tuotantomalliaan Lean-toimintafilosofiaa hyödyntäen / Jere Pensikkala -- Transformaatiota Svenska Teaternin ja yritysten yhteistyön avulla / Riikka Wallin -- Kehittämistöistä lyhyesti -- Mahtuuko Suomen kulttuuri-instituuttien verkostoon toisenlaisia toimijoita? / Melis Ari-Gürhanli -- Kulttuuritapahtumien oheisohjelma monipuolistuu yhteistyöverkostojen kautta / Venla Haanpää -- Opinnollistaminen tuo laatua työpajan toimintaan! / Kati Jokela -- Helsingin kulttuurikeskus etsi keinoja parantaa taideopetuksen saavutettavuutta / Mirka Nokka -- Avoimuus ja osallistuminen parantavat strategiaprosessin laatua ja lopputulosta / Jukka-Pekka Pohjolainen -- Etelä-Savon kulttuurin tulevaisuus tehdään yhdessä / Pekka Pulkkinen -- Tuntemattoman yleisön jäljillä / Satu Sirén -- Brändi toimii myös organisaation sisäisen kehittämisen välineenä / Annukka Toivonen.
011438230 650 7 L $$aylemmät ammattikorkeakoulututkinnot$$2ysa
011438230 650 7 L $$akulttuurituotanto$$2ysa$$9FENNI<KEEP>
011438230 650 7 L $$akulttuuriala$$2ysa$$9FENNI<KEEP>
011438230 650 7 L $$akulttuuripalvelut$$2ysa$$9FENNI<KEEP>
011438230 650 7 L $$akehittäminen$$2ysa$$9FENNI<KEEP>
011438230 650 7 L $$akulttuurituottajat$$2ysa
011438230 650 7 L $$aopinnäytteet$$2ysa
011438230 7001  L $$aStrandman, Pia,$$d1958-$$0(FIN11)000151206$$etoimittaja, kirjoittaja.
011438230 7001  L $$aVartiainen, Pekka,$$d1960-$$0(FIN11)000111772$$etoimittaja, kirjoittaja.
011438230 7001  L $$aHalonen, Katri,$$ekirjoittaja.
011438230 7001  L $$aAittokallio, Riitta,$$ekirjoittaja.
011438230 7001  L $$aAri-Gürhanli, Melis,$$ekirjoittaja.
011438230 7001  L $$aBongwirnso, Kirsi,$$ekirjoittaja.
011438230 7001  L $$aHaanpää, Venla,$$ekirjoittaja.
011438230 7001  L $$aJokela, Kati,$$ekirjoittaja.
011438230 7001  L $$aLinnusmaa, Miia,$$ekirjoittaja.
011438230 7001  L $$aLundgrén, Sini,$$ekirjoittaja.
011438230 7001  L $$aNokka, Mirka,$$ekirjoittaja.
011438230 7001  L $$aMyllynen, Taina,$$ekirjoittaja.
011438230 7001  L $$aPakarimäki, Petri,$$ekirjoittaja.
011438230 7001  L $$aPellinen, Ia,$$ekirjoittaja.
011438230 7001  L $$aPensikkala, Jere,$$ekirjoittaja.
011438230 7001  L $$aPohjolainen, Jukka-Pekka,$$ekirjoittaja.
011438230 7001  L $$aPulkkinen, Pekka,$$ekirjoittaja.
011438230 7001  L $$aSirén, Satu,$$ekirjoittaja.
011438230 7001  L $$aToivonen, Annukka,$$ekirjoittaja.
011438230 7001  L $$aWallin, Riikka,$$ekirjoittaja.
011438230 7102  L $$aHumanistinen ammattikorkeakoulu.$$0(FIN11)000031738
011438230 7102  L $$aMetropolia Ammattikorkeakoulu.$$0(FIN11)000026586
011438230 77608 L $$iPainettu:$$z978-952-328-031-1$$9FENNI<KEEP>
011438230 85640 L $$uhttp://urn.fi/URN:ISBN:978-952-328-032-8$$yLinkki verkkoaineistoon
011438230 85640 L $$uhttp://urn.fi/URN:ISBN:978-952-328-032-8$$zKäytettävissä vapaakappalekirjastoissa$$5FENNI
011438230 CAT   L $$aOAMK4002$$b30$$c20170613$$lFIN01$$h1427
011438230 CAT   L $$aOAMK4002$$b30$$c20170613$$lFIN01$$h1437
011438230 CAT   L $$aOAMK4002$$b30$$c20170613$$lFIN01$$h1441
011438230 CAT   L $$aOAMK4002$$b30$$c20170613$$lFIN01$$h1448
011438230 CAT   L $$aOAMK4002$$b30$$c20170615$$lFIN01$$h1442
011438230 CAT   L $$aOAMK4002$$b30$$c20170615$$lFIN01$$h1458
011438230 CAT   L $$aFENNI4001$$b30$$c20190109$$lFIN01$$h1418
011438230 CAT   L $$aFENNI4001$$b30$$c20190109$$lFIN01$$h1428
011438230 CAT   L $$aFENNI4001$$b30$$c20190109$$lFIN01$$h1428
011438230 901   L $$aSU20190109$$5FENNI
011438230 LOW   L $$aOAMK
011438230 LOW   L $$aFENNI
