011525138 FMT   L BK
011525138 LDR   L 00000cam^a2200781^i^4500
011525138 001   L 011525138
011525138 005   L 20190103103055.0
011525138 006   L m|||||o||d|^||||||
011525138 007   L cr^||^||||||||
011525138 008   L 171013s2017^^^^fi^|||||o|^^^^000^0|fin|^
011525138 020   L $$a978-952-7109-70-0$$qPDF
011525138 035   L $$a(FI-MELINDA)011525138
011525138 040   L $$aFI-Sekor$$bfin$$erda$$dFI-NL
011525138 0410  L $$afin
011525138 042   L $$afinb
011525138 0801  L $$a377$$21974/fin/fennica$$9FENNI<KEEP>
011525138 0801  L $$a378$$21974/fin/fennica$$9FENNI<KEEP>
011525138 0801  L $$a332$$21974/fin/fennica$$9FENNI<KEEP>
011525138 084   L $$a38.41$$2ykl
011525138 1001  L $$aKujala, Susanna,$$ekirjoittaja.
011525138 24510 L $$aSeinäjoen ammattikorkeakoulun aluetaloudelliset vaikutukset vuosina 1992-2017 /$$cSusanna Kujala, Jouko Kinnunen, Outi Hakala ja Hannu Törmä.
011525138 264 1 L $$aSeinäjoki :$$bSeinäjoen ammattikorkeakoulu,$$c2017.
011525138 300   L $$a1 verkkoaineisto (43 sivua) :$$bkuvitettu, taulukoita
011525138 336   L $$ateksti$$btxt$$2rdacontent
011525138 337   L $$atietokonekäyttöinen$$bc$$2rdamedia
011525138 338   L $$anide$$bnc$$2rdacarrier
011525138 4901  L $$aSeinäjoen ammattikorkeakoulun julkaisusarja. A, Tutkimuksia,$$x1797-5565 ;$$v27
011525138 506   L $$aAineisto on vapaasti saatavissa.$$fUnrestricted online access$$2star
011525138 5061  L $$aAineisto on käytettävissä vapaakappalekirjastoissa.$$fOnline access with authorization.$$2star$$5FI-Vapaa$$9FENNI<KEEP>
011525138 540   L $$aAineisto on käytettävissä tutkimus- ja muihin tarkoituksiin;$$bKansalliskirjasto;$$cLaki kulttuuriaineistojen tallettamisesta ja säilyttämisestä$$uhttp://www.finlex.fi/fi/laki/ajantasa/2007/20071433$$5FI-Vapaa$$9FENNI<KEEP>
011525138 530   L $$aJulkaistu myös painettuna.
011525138 588   L $$aKuvailu tarkistettu verkkoaineistosta 13.10.2017.
011525138 61024 L $$aSeinäjoen ammattikorkeakoulu$$0(FIN11)000037553
011525138 650 7 L $$aammattikorkeakoulut$$2ysa$$9FENNI<KEEP>
011525138 650 7 L $$aalueelliset vaikutukset$$2ysa$$9FENNI<KEEP>
011525138 650 7 L $$ataloudelliset vaikutukset$$2ysa$$9FENNI<KEEP>
011525138 650 7 L $$aaluetalous$$2ysa$$9FENNI<KEEP>
011525138 650 7 L $$avaikuttavuus$$2ysa$$9FENNI<KEEP>
011525138 651 7 L $$aEtelä-Pohjanmaa$$2ysa$$9FENNI<KEEP>
011525138 7001  L $$aKinnunen, Jouko,$$d1965-$$0(FIN11)000126062$$ekirjoittaja.
011525138 7001  L $$aHakala, Outi,$$ekirjoittaja.
011525138 7001  L $$aTörmä, Hannu,$$d1955-$$0(FIN11)000061625$$ekirjoittaja.
011525138 7102  L $$aSeinäjoen ammattikorkeakoulu.$$0(FIN11)000037553
011525138 77608 L $$iVerkkoaineisto:$$z978-952-7109-69-4$$9FENNI<KEEP>
011525138 830 0 L $$aSeinäjoen ammattikorkeakoulun julkaisusarja.$$nA,$$pTutkimuksia,$$x1797-5565 ;$$v27.
011525138 85640 L $$uhttp://urn.fi/URN:ISBN:978-952-7109-70-0$$yLinkki verkkoaineistoon
011525138 85640 L $$uhttp://urn.fi/URN:ISBN:978-952-7109-70-0$$zKäytettävissä vapaakappalekirjastoissa$$5FI-Vapaa
011525138 CAT   L $$aSEAMK1005$$b30$$c20171013$$lFIN01$$h1546
011525138 CAT   L $$aLOAD-DEDUP$$b30$$c20171022$$lFIN01$$h1312
011525138 CAT   L $$aKVP1010$$b30$$c20180322$$lFIN01$$h1106
011525138 CAT   L $$aFENNI4001$$b30$$c20190103$$lFIN01$$h1030
011525138 901   L $$aSU20190103$$5FENNI
011525138 LOW   L $$aFENNI
