011556846 FMT   L BK
011556846 LDR   L 00000cam^a2200781^i^4500
011556846 001   L 011556846
011556846 005   L 20190103104618.0
011556846 006   L m|||||o||d|^||||||
011556846 007   L cr^||^||||||||
011556846 008   L 171113s2017^^^^fi^|||||o||||^000^0|fin|^
011556846 020   L $$a978-952-7109-71-7$$qPDF
011556846 040   L $$aFI-Sekor$$bfin$$erda$$dFI-NL
011556846 0410  L $$afin$$beng
011556846 042   L $$afinb
011556846 0801  L $$a64$$21974/fin/fennica$$9FENNI<KEEP>
011556846 084   L $$a68.8$$2ykl
011556846 1001  L $$aPitkäkoski, Tuija,$$d1954-$$ekirjoittaja.$$0(FIN11)000163020
011556846 24510 L $$aMoniaistisen ateriapalvelun tuottama asiakaskokemus pop up -ravintolassa :$$btilan, tuotteen, kohtaamisen ja tunnelman merkitys asiakaskokemuksessa /$$cTuija Pitkäkoski.
011556846 24630 L $$aTilan, tuotteen, kohtaamisen ja tunnelman merkitys asiakaskokemuksessa
011556846 264 1 L $$aSeinäjoki :$$bSeinäjoen ammattikorkeakoulu,$$c2017.
011556846 300   L $$a1 verkkoaineisto (68 sivua) :$$bkuvitettu
011556846 336   L $$ateksti$$btxt$$2rdacontent
011556846 337   L $$atietokonekäyttöinen$$bc$$2rdamedia
011556846 338   L $$averkkoaineisto$$bcr$$2rdacarrier
011556846 4901  L $$aSeinäjoen ammattikorkeakoulun julkaisusarja. A, Tutkimuksia,$$x1797-5565 ;$$v28
011556846 506   L $$aAineisto on vapaasti saatavissa.$$fUnrestricted online access$$2star
011556846 5061  L $$aAineisto on käytettävissä vapaakappalekirjastoissa.$$fOnline access with authorization.$$2star$$5FI-Vapaa$$9FENNI<KEEP>
011556846 520   L $$aCustomer experience in multimodal food service in pop up -restaurant: Meaning of space, product, encounter and atmosphere for customer experience.$$9FENNI<KEEP>
011556846 540   L $$aAineisto on käytettävissä tutkimus- ja muihin tarkoituksiin;$$bKansalliskirjasto;$$cLaki kulttuuriaineistojen tallettamisesta ja säilyttämisestä$$uhttp://www.finlex.fi/fi/laki/ajantasa/2007/20071433$$5FI-Vapaa$$9FENNI<KEEP>
011556846 588   L $$aKuvailu tarkistettu verkkoaineistosta 13112017.
011556846 61024 L $$aSeinäjoen ammattikorkeakoulu.
011556846 61024 L $$aRavintola Juurella.
011556846 650 7 L $$aateriat$$2ysa$$9FENNI<KEEP>
011556846 650 7 L $$amoniaistisuus$$2ysa$$9FENNI<KEEP>
011556846 650 7 L $$aateriapalvelut$$2ysa$$9FENNI<KEEP>
011556846 650 7 L $$aasiakaskokemus$$2ysa$$9FENNI<KEEP>
011556846 650 7 L $$aravintolat$$2ysa$$9FENNI<KEEP>
011556846 650 7 L $$aravintola-ala$$2ysa$$9FENNI<KEEP>
011556846 650 7 L $$apop up -ilmiöt$$2ysa$$9FENNI<KEEP>
011556846 650 7 L $$aasiakkaat$$2ysa$$9FENNI<KEEP>
011556846 650 7 L $$akokemukset$$2ysa$$9FENNI<KEEP>
011556846 650 7 L $$aruokailu$$2ysa$$9FENNI<KEEP>
011556846 650 7 L $$aelämys$$2ysa$$9FENNI<KEEP>
011556846 7102  L $$aSeinäjoen ammattikorkeakoulu.$$0(FIN11)000037553
011556846 830 0 L $$aSeinäjoen ammattikorkeakoulun julkaisusarja.$$nA,$$pTutkimuksia,$$x1797-5565 ;$$v28.
011556846 85640 L $$uhttp://urn.fi/URN:ISBN:978-952-7109-71-7$$yLinkki verkkoaineistoon
011556846 85640 L $$uhttp://urn.fi/URN:NBN:fi-fe201803095656$$zKäytettävissä vapaakappalekirjastoissa$$5FENNI
011556846 CAT   L $$aSEAMK1005$$b30$$c20171113$$lFIN01$$h1050
011556846 CAT   L $$aSEAMK1005$$b30$$c20171113$$lFIN01$$h1056
011556846 CAT   L $$aSEAMK1005$$b30$$c20171113$$lFIN01$$h1059
011556846 CAT   L $$aSEAMK1005$$b30$$c20171113$$lFIN01$$h1101
011556846 CAT   L $$aSEAMK1005$$b30$$c20171212$$lFIN01$$h1432
011556846 CAT   L $$aFENNI4001$$b30$$c20190103$$lFIN01$$h1046
011556846 901   L $$aSU20190103$$5FENNI
011556846 LOW   L $$aSEAMK
011556846 LOW   L $$aFENNI
