011565768 FMT   L BK
011565768 LDR   L 00000cam^a2200769^i^4500
011565768 001   L 011565768
011565768 005   L 20190117130026.0
011565768 007   L cr||||||||||||
011565768 008   L 171122s2017^^^^fi^|||||o|||||||||0|fin|^
011565768 020   L $$a978-952-216-612-8$$qPDF
011565768 035   L $$a(FI-MELINDA)011565768
011565768 040   L $$aFI-Tamk$$bfin$$erda$$dFI-NL
011565768 0410  L $$afin
011565768 042   L $$afinb
011565768 0801  L $$a657$$21974/fin/fennica$$9FENNI<KEEP>
011565768 084   L $$a69.2$$2ykl$$9FENNI<KEEP>
011565768 1001  L $$aVaranka, Pirjo,$$ekirjoittaja.
011565768 24510 L $$aDigitalous :$$bopas sähköisen taloushallinnon käyttöönottajille /$$cPirjo Varanka, Petri Mäkikangas, Mervi Hyypiä, Sonja Jalonen & Anne Samppala.
011565768 24630 L $$aOpas sähköisen taloushallinnon käyttöönottajille
011565768 264 1 L $$aTurku :$$bTurun ammattikorkeakoulu,$$c2017.
011565768 300   L $$a1 verkkoaineisto (102 sivua) :$$bkuvitettu
011565768 336   L $$ateksti$$btxt$$2rdacontent
011565768 337   L $$atietokonekäyttöinen$$bc$$2rdamedia
011565768 338   L $$averkkoaineisto$$bcr$$2rdacarrier
011565768 4901  L $$aTurun ammattikorkeakoulun oppimateriaaleja,$$x1796-9972 ;$$v105
011565768 506   L $$aAineisto on vapaasti saatavissa.$$fUnrestricted online access$$2star$$5FI-Tamk$$5FI-Psstk
011565768 5061  L $$aAineisto on käytettävissä vapaakappalekirjastoissa.$$fOnline access with authorization.$$2star$$5FI-Vapaa$$9FENNI<KEEP>
011565768 540   L $$aAineisto on käytettävissä tutkimus- ja muihin tarkoituksiin;$$bKansalliskirjasto;$$cLaki kulttuuriaineistojen tallettamisesta ja säilyttämisestä$$uhttp://www.finlex.fi/fi/laki/ajantasa/2007/20071433$$5FI-Vapaa$$9FENNI<KEEP>
011565768 5050  L $$aSanasto -- Esipuhe --1 Digitalisuuden taustaa -- 2 Pilvipalvelut -- 3 Sähköinen allekirjoitus, varmenteet ja tunnistus -- 4 Sähköisen laskutuksen aloittaminen -- 5 Verkkomaksaminen -- Lähteet -- Liitteet.
011565768 530   L $$aJulkaistu myös painettuna.
011565768 538   L $$aInternet-yhteys; WWW-selain; Adobe Acrobat.
011565768 588   L $$aKuvailu tarkistettu verkkoaineistosta 22.11.2017.
011565768 650 7 L $$asähköinen taloushallinto$$2ysa$$9FENNI<KEEP>
011565768 650 7 L $$asähköiset palvelut$$2ysa$$9FENNI<KEEP>
011565768 650 7 L $$akäyttöönotto$$2ysa$$9FENNI<KEEP>
011565768 650 7 L $$ataloushallinto$$2ysa$$9FENNI<KEEP>
011565768 650 7 L $$adigitalisaatio$$2ysa$$9FENNI<KEEP>
011565768 650 7 L $$apilvipalvelut$$2ysa$$9FENNI<KEEP>
011565768 650 7 L $$asähköinen allekirjoitus$$2ysa$$9FENNI<KEEP>
011565768 650 7 L $$asähköinen asiointi$$2ysa$$9FENNI<KEEP>
011565768 650 7 L $$avarmenteet$$2ysa$$9FENNI<KEEP>
011565768 650 7 L $$atunnistaminen$$2ysa$$9FENNI<KEEP>
011565768 650 7 L $$asähköinen laskutus$$2ysa$$9FENNI<KEEP>
011565768 650 7 L $$averkkomaksaminen$$2ysa$$9FENNI<KEEP>
011565768 655 7 L $$aoppaat (teokset)$$2ysa
011565768 655 7 L $$asähköiset julkaisut$$2ysa$$9SAVON<KEEP>
011565768 7001  L $$aMäkikangas, Petri,$$ekirjoittaja.
011565768 7001  L $$aHyypiä, Mervi,$$ekirjoittaja.
011565768 7001  L $$aJalonen, Sonja,$$ekirjoittaja.
011565768 7001  L $$aSamppala, Anne,$$ekirjoittaja.
011565768 7102  L $$aTurun ammattikorkeakoulu.$$0(FIN11)000014624
011565768 77608 L $$iPainettu :$$z9789522166111$$9FENNI<KEEP>
011565768 830 0 L $$aTurun ammattikorkeakoulun oppimateriaaleja,$$x1796-9972 ;$$v105.
011565768 85640 L $$uhttp://julkaisut.turkuamk.fi/isbn9789522166128.pdf$$yLinkki verkkoaineistoon. - Electronic publication$$9FENNI<DROP>
011565768 85640 L $$uhttp://urn.fi/URN:ISBN:978-952-216-612-8$$zKäytettävissä vapaakappalekirjastoissa$$5FENNI
011565768 CAT   L $$aTAMK4005$$b30$$c20171122$$lFIN01$$h1417
011565768 CAT   L $$aTAMK4005$$b30$$c20171122$$lFIN01$$h1417
011565768 CAT   L $$aVAZ7073$$b30$$c20180219$$lFIN01$$h1230
011565768 CAT   L $$aTAMK4005$$b30$$c20180219$$lFIN01$$h1244
011565768 CAT   L $$aSAVON4002$$b30$$c20180926$$lFIN01$$h1154
011565768 CAT   L $$aSAVON4002$$b30$$c20180926$$lFIN01$$h1155
011565768 CAT   L $$aFENNI4001$$b30$$c20190107$$lFIN01$$h1314
011565768 CAT   L $$aLOAD-FIX$$b30$$c20190117$$lFIN01$$h1300
011565768 CAT   L $$aLOAD-FIX$$b30$$c20190117$$lFIN01$$h1300
011565768 901   L $$aSU20190107$$5FENNI
011565768 LOW   L $$aTAMK
011565768 LOW   L $$aSAVON
011565768 LOW   L $$aFENNI
