011644255 FMT   L BK
011644255 LDR   L 00000cam^a2200781^i^4500
011644255 001   L 011644255
011644255 005   L 20190103103734.0
011644255 006   L m|||||o||d|^||||||
011644255 007   L cr^||^||||||||
011644255 008   L 171213s2017^^^^fi^|||||o||||^000^0|fin|^
011644255 020   L $$a978-952-7109-78-6$$qPDF
011644255 040   L $$aFI-Sekor$$bfin$$erda$$dFI-NL
011644255 0410  L $$afin
011644255 042   L $$afinb
011644255 0801  L $$a674$$21974/fin/fennica$$9FENNI<KEEP>
011644255 0801  L $$a658$$21974/fin/fennica$$9FENNI<KEEP>
011644255 084   L $$a69.1$$2ykl
011644255 084   L $$a64.11$$2ykl
011644255 1001  L $$aJoensuu-Salo, Sanna,$$0(FIN11)000184450$$ekirjoittaja.
011644255 24510 L $$aPuutuotealan pk-yritysten kasvuun ja kansainvälistymiseen vaikuttavia tekijöitä :$$bkatsaus uusimpiin tutkimuksiin /$$cSanna Joensuu-Salo, Kirsti Sorama & Salla Kettunen.
011644255 24630 L $$aKatsaus uusimpiin tutkimuksiin
011644255 264 1 L $$aSeinäjoki :$$bSeinäjoen ammattikorkeakoulu,$$c2017.
011644255 300   L $$a1 verkkoaineisto (48 sivua)
011644255 336   L $$ateksti$$btxt$$2rdacontent
011644255 337   L $$atietokonekäyttöinen$$bc$$2rdamedia
011644255 338   L $$averkkoaineisto$$bcr$$2rdacarrier
011644255 506   L $$aAineisto on vapaasti saatavissa.$$fUnrestricted online access$$2star
011644255 5061  L $$aAineisto on käytettävissä vapaakappalekirjastoissa.$$fOnline access with authorization.$$2star$$5FI-Vapaa$$9FENNI<KEEP>
011644255 540   L $$aAineisto on käytettävissä tutkimus- ja muihin tarkoituksiin;$$bKansalliskirjasto;$$cLaki kulttuuriaineistojen tallettamisesta ja säilyttämisestä$$uhttp://www.finlex.fi/fi/laki/ajantasa/2007/20071433$$5FI-Vapaa$$9FENNI<KEEP>
011644255 500   L $$aPuutuotealan kasvuhanke.$$9FENNI<KEEP>
011644255 588   L $$aKuvailu tarkistettu verkkoaineistosta 13.12.2017.
011644255 650 7 L $$apuutuotteet$$2ysa$$9FENNI<KEEP>
011644255 650 7 L $$apuuteollisuus$$2ysa$$9FENNI<KEEP>
011644255 650 7 L $$apienet ja keskisuuret yritykset$$2ysa$$9FENNI<KEEP>
011644255 650 7 L $$akansainvälistyminen$$2ysa$$9FENNI<KEEP>
011644255 650 7 L $$akasvu$$2ysa$$9FENNI<KEEP>
011644255 650 7 L $$akasvuyritykset$$2ysa$$9FENNI<KEEP>
011644255 650 7 L $$apalvelut$$2ysa$$9FENNI<KEEP>
011644255 650 7 L $$adigitalisaatio$$2ysa$$9FENNI<KEEP>
011644255 650 7 L $$amarkkinointiviestintä$$2ysa$$9FENNI<KEEP>
011644255 7001  L $$aKettunen, Salla,$$ekirjoittaja.
011644255 7001  L $$aSorama, Kirsti$$0(FIN11)000132480$$ekirjoittaja.
011644255 7102  L $$aSeinäjoen ammattikorkeakoulu.$$0(FIN11)000037553
011644255 85640 L $$uhttp://www.urn.fi/URN:ISBN:978-952-7109-78-6$$yLinkki verkkoaineistoon
011644255 85640 L $$uhttp://urn.fi/URN:NBN:fi-fe201803095663$$zKäytettävissä vapaakappalekirjastoissa$$5FENNI
011644255 CAT   L $$aSEAMK1005$$b30$$c20171213$$lFIN01$$h1421
011644255 CAT   L $$aFENNI4001$$b30$$c20190103$$lFIN01$$h1037
011644255 901   L $$aSU20190103$$5FENNI
011644255 LOW   L $$aSEAMK
011644255 LOW   L $$aFENNI
