011644309 FMT   L BK
011644309 LDR   L 00000cam^a2200373^i^4500
011644309 001   L 011644309
011644309 005   L 20190103112837.0
011644309 006   L m|||||o|||||||||||
011644309 007   L cr^|||||||||||
011644309 008   L 171213s2017^^^^fi^|||||o||||^000^0|fin|^
011644309 020   L $$a978-952-7109-73-1$$qPDF
011644309 035   L $$a(FI-MELINDA)011644309
011644309 040   L $$aFI-Sekor$$bfin$$erda
011644309 0410  L $$afin
011644309 042   L $$afinb
011644309 0801  L $$a658$$21974/fin/fennica$$9FENNI<KEEP>
011644309 084   L $$a38.41$$2ykl
011644309 24500 L $$aOppiminen on tutkimista :$$bliiketalouden ja kulttuurin opinnäytetöitä /$$cAri Haasio & Sanna Joensuu-Salo (toim.).
011644309 24630 L $$aLiiketalouden ja kulttuurin opinnäytetöitä
011644309 264 1 L $$aSeinäjoki :$$bSeinäjoen ammattikorkeakoulu,$$c2017.
011644309 300   L $$a1 verkkoaineisto (107 sivua)
011644309 336   L $$ateksti$$btxt$$2rdacontent
011644309 337   L $$atietokonekäyttöinen$$bc$$2rdamedia
011644309 338   L $$averkkoaineisto$$bcr$$2rdacarrier
011644309 4901  L $$aSeinäjoen ammattikorkeakoulun julkaisusarja. B, Raportteja ja selvityksiä,$$x1797-5573 ;$$v129
011644309 506   L $$aAineisto on vapaasti saatavissa.$$fUnrestricted online access$$2star
011644309 5061  L $$aAineisto on käytettävissä vapaakappalekirjastoissa.$$fOnline access with authorization.$$2star$$5FI-Vapaa$$9FENNI<KEEP>
011644309 540   L $$aAineisto on käytettävissä tutkimus- ja muihin tarkoituksiin;$$bKansalliskirjasto;$$cLaki kulttuuriaineistojen tallettamisesta ja säilyttämisestä$$uhttp://www.finlex.fi/fi/laki/ajantasa/2007/20071433$$5FI-Vapaa$$9FENNI<KEEP>
011644309 588   L $$aKuvailu tarkistettu verkkoaineistosta 13.12.2017.
011644309 61024 L $$aSeinäjoen ammattikorkeakoulu
011644309 650 7 L $$aammattikorkeakoulut$$2ysa
011644309 650 7 L $$aopiskelu$$2ysa
011644309 650 7 L $$aopinnäytteet$$2ysa
011644309 650 7 L $$avastuullisuus$$2ysa$$9FENNI<KEEP>
011644309 650 7 L $$akilpailuetu$$2ysa$$9FENNI<KEEP>
011644309 650 7 L $$afinanssiala$$2ysa$$9FENNI<KEEP>
011644309 650 7 L $$ayritykset$$2ysa$$9FENNI<KEEP>
011644309 650 7 L $$aekosysteemit$$2ysa$$9FENNI<KEEP>
011644309 650 7 L $$aliiketoiminta$$2ysa$$9FENNI<KEEP>
011644309 650 7 L $$aasiakasrekisterit$$2ysa$$9FENNI<KEEP>
011644309 650 7 L $$aesimiestyö$$2ysa$$9FENNI<KEEP>
011644309 650 7 L $$abrändit$$2ysa$$9FENNI<KEEP>
011644309 650 7 L $$aarvot$$2ysa$$9FENNI<KEEP>
011644309 650 7 L $$asosiaalinen media$$2ysa$$9FENNI<KEEP>
011644309 650 7 L $$atyönhaku$$2ysa$$9FENNI<KEEP>
011644309 650 7 L $$atiedonhankinta$$2ysa$$9FENNI<KEEP>
011644309 650 7 L $$asijoitustoiminta$$2ysa$$9FENNI<KEEP>
011644309 650 7 L $$atilitoimistot$$2ysa$$9FENNI<KEEP>
011644309 650 7 L $$amikroyritykset$$2ysa$$9FENNI<KEEP>
011644309 650 7 L $$ahiljainen tieto$$2ysa$$9FENNI<KEEP>
011644309 650 7 L $$aasiantuntijat$$2ysa$$9FENNI<KEEP>
011644309 650 7 L $$alastenkirjallisuus$$2ysa
011644309 650 7 L $$asuunnittelu$$2ysa
011644309 7001  L $$aHaasio, Ari,$$d1965-$$etoimittaja.$$0(FIN11)000113879
011644309 7001  L $$aJoensuu-Salo, Sanna,$$0(FIN11)000184450$$etoimittaja.
011644309 7102  L $$aSeinäjoen ammattikorkeakoulu.$$0(FIN11)000037553
011644309 830 0 L $$aSeinäjoen ammattikorkeakoulun julkaisusarja.$$nB,$$pRaportteja ja selvityksiä,$$x1797-5573 ;$$v129.
011644309 85640 L $$uhttp://urn.fi/URN:ISBN:978-952-7109-73-1$$yLinkki verkkoaineistoon
011644309 85640 L $$uhttp://urn.fi/URN:NBN:fi-fe201803095648$$zKäytettävissä vapaakappalekirjastoissa$$5FENNI
011644309 CAT   L $$aSEAMK1005$$b30$$c20171213$$lFIN01$$h1452
011644309 CAT   L $$aCARETAKER$$b30$$c20171213$$lFIN01$$h1452
011644309 CAT   L $$aCARETAKER$$b30$$c20171213$$lFIN01$$h1452
011644309 CAT   L $$aSEAMK1005$$b30$$c20171213$$lFIN01$$h1542
011644309 CAT   L $$aFENNI4001$$b30$$c20190103$$lFIN01$$h1128
011644309 CAT   L $$aFENNI4001$$b30$$c20190103$$lFIN01$$h1128
011644309 901   L $$aSU20190103$$5FENNI
011644309 LOW   L $$aSEAMK
011644309 LOW   L $$aFENNI
