011724140 FMT   L BK
011724140 LDR   L 00000cam^a2200373^i^4500
011724140 001   L 011724140
011724140 005   L 20190109150001.0
011724140 006   L m|||||o|||||||||||
011724140 007   L cr^|||||||||||
011724140 008   L 171215s2017^^^^fi^|||||o||||^000^0|fin|c
011724140 020   L $$a978-952-7109-74-8$$qPDF
011724140 035   L $$a(FI-MELINDA)011644309
011724140 040   L $$aFI-Sekor$$bfin$$erda$$dFI-NL
011724140 0410  L $$afin$$beng
011724140 042   L $$afinb
011724140 0801  L $$a658$$21974/fin/fennica$$9FENNI<KEEP>
011724140 0801  L $$a631$$21974/fin/fennica$$9FENNI<KEEP>
011724140 084   L $$a67$$2ykl
011724140 084   L $$a69.1$$2ykl
011724140 1001  L $$aSorama, Kirsti,$$ekirjoittaja.$$0(FIN11)000132480
011724140 24510 L $$aMaatilayritysten omistajanvaihdokset /$$cKirsti Sorama & Sanna Joensuu-Salo.
011724140 264 1 L $$aSeinäjoki :$$bSeinäjoen ammattikorkeakoulu,$$c2017.
011724140 300   L $$a1 verkkoaineisto (117 sivua)
011724140 336   L $$ateksti$$btxt$$2rdacontent
011724140 337   L $$atietokonekäyttöinen$$bc$$2rdamedia
011724140 338   L $$averkkoaineisto$$bcr$$2rdacarrier
011724140 4901  L $$aSeinäjoen ammattikorkeakoulun julkaisusarja. B, Raportteja ja selvityksiä,$$x1797-5573 ;$$v131
011724140 506   L $$aAineisto on vapaasti saatavissa.$$fUnrestricted online access$$2star
011724140 5061  L $$aAineisto on käytettävissä vapaakappalekirjastoissa.$$fOnline access with authorization.$$2star$$5FI-Vapaa$$9FENNI<KEEP>
011724140 520   L $$aSuccession and business transfers on farms.$$9FENNI<KEEP>
011724140 540   L $$aAineisto on käytettävissä tutkimus- ja muihin tarkoituksiin;$$bKansalliskirjasto;$$cLaki kulttuuriaineistojen tallettamisesta ja säilyttämisestä$$uhttp://www.finlex.fi/fi/laki/ajantasa/2007/20071433$$5FI-Vapaa$$9FENNI<KEEP>
011724140 588   L $$aKuvailu tarkistettu verkkoaineistosta 15.12.2017.
011724140 61024 L $$aSeinäjoen ammattikorkeakoulu
011724140 650 7 L $$amaatilat$$2ysa$$9FENNI<KEEP>
011724140 650 7 L $$amaatalousyritykset$$2ysa$$9FENNI<KEEP>
011724140 650 7 L $$aomistajanvaihdos$$2ysa$$9FENNI<KEEP>
011724140 650 7 L $$asukupolvenvaihdos$$2ysa$$9FENNI<KEEP>
011724140 650 7 L $$ayrityskaupat$$2ysa$$9FENNI<KEEP>
011724140 650 7 L $$apienet ja keskisuuret yritykset$$2ysa
011724140 7001  L $$aJoensuu-Salo, Sanna,$$0(FIN11)000184450$$ekirjoittaja.
011724140 7102  L $$aSeinäjoen ammattikorkeakoulu.$$0(FIN11)000037553
011724140 830 0 L $$aSeinäjoen ammattikorkeakoulun julkaisusarja.$$nB,$$pRaportteja ja selvityksiä,$$x1797-5573 ;$$v131.
011724140 85640 L $$uhttp://urn.fi/URN:ISBN:978-952-7109-74-8$$yLinkki verkkoaineistoon
011724140 85640 L $$uhttp://urn.fi/URN:NBN:fi-fe201803095620$$zKäytettävissä vapaakappalekirjastoissa$$5FENNI
011724140 CAT   L $$aSEAMK1005$$b30$$c20171215$$lFIN01$$h1602
011724140 CAT   L $$aSEAMK1005$$b30$$c20171215$$lFIN01$$h1608
011724140 CAT   L $$aFENNI4001$$b30$$c20190109$$lFIN01$$h1500
011724140 901   L $$aSU20190109$$5FENNI
011724140 LOW   L $$aSEAMK
011724140 LOW   L $$aFENNI
