011724149 FMT   L BK
011724149 LDR   L 00000cam^a2200373^i^4500
011724149 001   L 011724149
011724149 005   L 20190109151033.0
011724149 006   L m|||||o|||||||||||
011724149 007   L cr^|||||||||||
011724149 008   L 171215s2017^^^^fi^|||||o||||^000^||fin|c
011724149 020   L $$a978-952-7109-75-5$$qPDF
011724149 040   L $$aFI-Sekor$$bfin$$erda$$dFI-NL
011724149 0410  L $$afin
011724149 042   L $$afinb
011724149 0801  L $$a377$$21974/fin/fennica$$9FENNI<KEEP>
011724149 0801  L $$a378$$21974/fin/fennica$$9FENNI<KEEP>
011724149 0801  L $$a364$$21974/fin/fennica$$9FENNI<KEEP>
011724149 084   L $$a38.41$$2ykl
011724149 24500 L $$aHyvinvointi ja luovuus :$$bSeAMK Sosiaali- ja terveysala tutkii ja kehittää 2 /$$cAsta Heikkilä, Mervi Lehtola & Silja Saarikoski (toim.).
011724149 24630 L $$aSeAMK Sosiaali- ja terveysala tutkii ja kehittää
011724149 264 1 L $$aSeinäjoki :$$bSeinäjoen ammattikorkeakoulu,$$c2017.
011724149 300   L $$a1 verkkoaineisto (98 sivua)
011724149 336   L $$ateksti$$btxt$$2rdacontent
011724149 337   L $$atietokonekäyttöinen$$bc$$2rdamedia
011724149 338   L $$averkkoaineisto$$bcr$$2rdacarrier
011724149 4901  L $$aSeinäjoen ammattikorkeakoulun julkaisusarja. B, Raportteja ja selvityksiä,$$x1797-5573 ;$$v130
011724149 506   L $$aAineisto on vapaasti saatavissa.$$fUnrestricted online access$$2star
011724149 5061  L $$aAineisto on käytettävissä vapaakappalekirjastoissa.$$fOnline access with authorization.$$2star$$5FI-Vapaa$$9FENNI<KEEP>
011724149 540   L $$aAineisto on käytettävissä tutkimus- ja muihin tarkoituksiin;$$bKansalliskirjasto;$$cLaki kulttuuriaineistojen tallettamisesta ja säilyttämisestä$$uhttp://www.finlex.fi/fi/laki/ajantasa/2007/20071433$$5FI-Vapaa$$9FENNI<KEEP>
011724149 588   L $$aKuvailu tarkistettu verkkoaineistosta 15.12.2017.
011724149 61024 L $$aSeinäjoen ammattikorkeakoulu.
011724149 650 7 L $$asosiaaliala$$2ysa$$9FENNI<KEEP>
011724149 650 7 L $$aterveysala$$2ysa$$9FENNI<KEEP>
011724149 650 7 L $$aammattikorkeakoulut$$2ysa$$9FENNI<KEEP>
011724149 650 7 L $$atutkimus- ja kehittämistoiminta$$2ysa$$9FENNI<KEEP>
011724149 650 7 L $$ahyvinvointi$$2ysa$$9FENNI<KEEP>
011724149 650 7 L $$aluovuus$$2ysa$$9FENNI<KEEP>
011724149 650 7 L $$aopetuskokeilut$$2ysa$$9FENNI<KEEP>
011724149 650 7 L $$ayhteistyö$$2ysa$$9FENNI<KEEP>
011724149 650 7 L $$aopinnäytteet$$2ysa$$9FENNI<KEEP>
011724149 650 7 L $$atehostettu palveluasuminen$$2ysa$$9FENNI<KEEP>
011724149 650 7 L $$asairaanhoitajat$$2ysa$$9FENNI<KEEP>
011724149 650 7 L $$asosionomit$$2ysa$$9FENNI<KEEP>
011724149 650 7 L $$atiedonhankinta$$2ysa$$9FENNI<KEEP>
011724149 650 7 L $$ainformaatikot$$2ysa$$9FENNI<KEEP>
011724149 650 7 L $$aohjaus (hallinta)$$2ysa$$9FENNI<KEEP>
011724149 650 7 L $$amoniammatillisuus$$2ysa$$9FENNI<KEEP>
011724149 650 7 L $$aruokakulttuuri$$2ysa$$9FENNI<KEEP>
011724149 650 7 L $$apäiväkodit$$2ysa$$9FENNI<KEEP>
011724149 650 7 L $$alapset (ikäryhmät)$$2ysa$$9FENNI<KEEP>
011724149 650 7 L $$apopulaarimusiikki$$2ysa$$9FENNI<KEEP>
011724149 7001  L $$aHeikkilä, Asta,$$d1961-$$0(FIN11)000125179$$etoimittaja.
011724149 7001  L $$aLehtola, Mervi,$$etoimittaja.
011724149 7001  L $$aSaarikoski, Silja,$$etoimittaja.
011724149 7102  L $$aSeinäjoen ammattikorkeakoulu.$$0(FIN11)000037553
011724149 830 0 L $$aSeinäjoen ammattikorkeakoulun julkaisusarja.$$nB,$$pRaportteja ja selvityksiä,$$x1797-5573 ;$$v130.
011724149 85640 L $$uhttp://urn.fi/URN:ISBN:978-952-7109-75-5$$yLinkki verkkoaineistoon
011724149 85640 L $$uhttp://urn.fi/URN:NBN:fi-fe201803095536$$zKäytettävissä vapaakappalekirjastoissa$$5FENNI
011724149 CAT   L $$aSEAMK1005$$b30$$c20171215$$lFIN01$$h1619
011724149 CAT   L $$aSEAMK1005$$b30$$c20171215$$lFIN01$$h1639
011724149 CAT   L $$aSEAMK1005$$b30$$c20171215$$lFIN01$$h1642
011724149 CAT   L $$aSEAMK1005$$b30$$c20171218$$lFIN01$$h1522
011724149 CAT   L $$aFENNI4001$$b30$$c20190109$$lFIN01$$h1509
011724149 CAT   L $$aFENNI4001$$b30$$c20190109$$lFIN01$$h1510
011724149 901   L $$aSU20190109$$5FENNI
011724149 LOW   L $$aSEAMK
011724149 LOW   L $$aFENNI
