011853520 FMT   L BK
011853520 LDR   L 00000cam^a22002418i^4500
011853520 001   L 011853520
011853520 005   L 20190221124257.0
011853520 007   L cr|||^||||||||
011853520 008   L 171218s2018^^^^fi^||||^om^^^^|0|^0|fin|^
011853520 020   L $$a978-951-51-3975-7$$qPDF
011853520 040   L $$aFI-NL$$bfin$$erda
011853520 0410  L $$afin$$beng
011853520 042   L $$afinb
011853520 1001  L $$aAhonen, Elsi,$$ekirjoittaja.
011853520 24510 L $$aMiten ja mitä opettaja oppii? :$$baktiivinen oppiminen opettajan pedagogisen ajattelun osana ja rakentajana /$$cElsi Ahonen.
011853520 264 1 L $$aHelsinki :$$bHelsingin yliopisto,$$c2018.
011853520 300   L $$a1 verkkoaineisto (112 sivua ) :$$bkuvitettu
011853520 336   L $$ateksti$$btxt$$2rdacontent
011853520 337   L $$atietokonekäyttöinen$$bc$$2rdamedia
011853520 338   L $$averkkoaineisto$$bcr$$2rdacarrier
011853520 4901  L $$aKasvatustieteellisiä tutkimuksia,$$x2489-2297 ;$$v25
011853520 500   L $$aArtikkeliväitöskirjan yhteenveto-osa.$$9FENNI>KEEP>
011853520 502   L $$aVäitöskirja :$$cHelsingin yliopisto,$$d2018.$$9FENNI<KEEP>
011853520 5203  L $$aHow and what does the teacher learn? : active learning as a part and developer of teacher's pedagogical thinking.$$9FENNI<KEEP>
011853520 530   L $$aJulkaistu myös painettuna.$$9FENNI<KEEP>
011853520 77608 L $$iPainettu:$$z978-951-51-3974-0$$9FENNI<KEEP>
011853520 85640 L $$uhttp://urn.fi/URN:ISBN:978-951-51-3975-7$$yLinkki verkkoaineistoon
011853520 830 0 L $$aKasvatustieteellisiä tutkimuksia,$$x2488-2297 ;$$v25.
011853520 CAT   L $$aFENNI4001$$b30$$c20171218$$lFIN01$$h1135
011853520 CAT   L $$aFENNI40010$$b30$$c20190221$$lFIN01$$h1242
011853520 901   L $$aSU2019$$5FENNI
011853520 LOW   L $$aFENNI
