011856269 FMT   L BK
011856269 LDR   L 00000cam^a22002295i^4500
011856269 001   L 011856269
011856269 005   L 20190221094134.0
011856269 007   L cr|||^||||||||
011856269 008   L 171221s2018^^^^fi^||||^o^^^^^|0|^0|fin|^
011856269 020   L $$a978-951-51-4007-4$$qPDF
011856269 040   L $$aFI-NL$$bfin$$erda
011856269 0410  L $$afin
011856269 042   L $$afinb
011856269 1001  L $$aHaapalainen, Riikka,$$d1968-$$ekirjoittaja.$$0(FIN11)000100042
011856269 24510 L $$aUtopioiden arkipäivää :$$bosallistumisen ja muutoksen paikkoja nykytaiteessa 1980-2011 /$$cRiikka Haapalainen.
011856269 264 1 L $$aHelsinki :$$bHelsingin yliopisto,$$c2018.
011856269 300   L $$a1 verkkoaineisto (313 sivua) :$$bkuvitettu
011856269 336   L $$ateksti$$btxt$$2rdacontent
011856269 337   L $$atietokonekäyttöinen$$bc$$2rdamedia
011856269 338   L $$averkkoaineisto$$bcr$$2rdacarrier
011856269 502   L $$aVäitöskirja :$$cHelsingin yliopisto, humanistinen tiedekunta, taidehistoria,$$d2018.$$9FENNI<KEEP>
011856269 520   L $$aThe everyday life of utopias : places of participation and change in contemporary art 1980-2011.$$9FENNI<KEEP>
011856269 530   L $$aJulkaistu myös painettuna.$$9FENNI<KEEP>
011856269 77608 L $$iPainettu:$$z978-951-51-4006-7$$9FENNI<KEEP>
011856269 85640 L $$uhttp://urn.fi/URN:ISBN:978-951-51-4007-4$$yLinkki verkkoaineistoon
011856269 CAT   L $$aFENNI4001$$b30$$c20171221$$lFIN01$$h0745
011856269 CAT   L $$aFENNI40010$$b30$$c20190220$$lFIN01$$h1541
011856269 CAT   L $$aFENNI40010$$b30$$c20190220$$lFIN01$$h1609
011856269 CAT   L $$aFENNI40010$$b30$$c20190221$$lFIN01$$h0941
011856269 901   L $$aSU2019$$5FENNI
011856269 LOW   L $$aFENNI
