012055460 FMT   L BK
012055460 LDR   L 00000cam^a2200613^i^4500
012055460 001   L 012055460
012055460 005   L 20190221132035.0
012055460 007   L cr^||^||||||||
012055460 008   L 180109s2005^^^^fi^||||^o^^^^^|0|^0|fin|^
012055460 020   L $$a951-791-937-9$$qPDF
012055460 040   L $$aFI-NL$$bfin
012055460 0410  L $$afin
012055460 042   L $$afinb
012055460 0801  L $$a658$$21974/fin/fennica$$9FENNI<KEEP>
012055460 0801  L $$a659$$21974/fin/fennica$$9FENNI<KEEP>
012055460 080   L $$a65.012.45
012055460 080   L $$a659.1
012055460 084   L $$a69.35$$2ykl$$9FENNI<KEEP>
012055460 084   L $$a69.1$$2ykl$$9FENNI<KEEP>
012055460 24500 L $$aTulevaisuuspuhetta /$$cKatariina Juvonen, Helena Kangasharju, Pekka Pälli (toim.).
012055460 260   L $$a[Helsinki] :$$b[Helsingin kauppakorkeakoulu],$$c2005.
012055460 300   L $$a1 verkkoaineisto (171 sivua)
012055460 336   L $$ateksti$$btxt$$2rdacontent
012055460 337   L $$atietokonekäyttöinen$$bc$$2rdamedia
012055460 338   L $$averkkoaineisto$$bcr$$2rdacarrier
012055460 4900  L $$aHelsingin kauppakorkeakoulun julkaisuja. B,$$x0356-889X ;$$v63
012055460 500   L $$aJulkaisussa painetun ISSN 0356-889X.$$9FENNI<KEEP>
012055460 5061  L $$aAineisto on käytettävissä vapaakappalekirjastoissa.$$fOnline access with authorization.$$2star$$5FI-Vapaa$$9FENNI<KEEP>
012055460 540   L $$aAineisto on käytettävissä tutkimus- ja muihin tarkoituksiin;$$bKansalliskirjasto;$$cLaki kulttuuriaineistojen tallettamisesta ja säilyttämisestä$$uhttp://www.finlex.fi/fi/laki/ajantasa/2007/20071433$$5FI-Vapaa$$9FENNI<KEEP>
012055460 530   L $$aJulkaistu myös painettuna.
012055460 538   L $$aInternet-yhteys.$$9ALLI<KEEP>
012055460 61024 L $$aSanomaWSOY.$$0(FIN11)000037763$$9FENNI<KEEP>
012055460 61024 L $$aStockmann (yhtiö)$$0(FIN11)000011301$$9FENNI<KEEP>
012055460 61024 L $$aStockmann.
012055460 650 7 L $$aretoriikka$$2ysa$$9FENNI<KEEP>
012055460 650 7 L $$amainokset$$2ysa$$9FENNI<KEEP>
012055460 650 7 L $$ahistoria$$2ysa$$9FENNI<KEEP>
012055460 650 7 L $$amainoskuvat$$2ysa$$9FENNI<KEEP>
012055460 650 7 L $$asemiotiikka$$2ysa$$9FENNI<KEEP>
012055460 650 7 L $$atalouslehdet$$2ysa$$9FENNI<KEEP>
012055460 650 7 L $$amainonta$$2ysa$$9FENNI<KEEP>
012055460 650 7 L $$aympäristöraportointi$$2ysa$$9FENNI<KEEP>
012055460 650 7 L $$ayrityskaupat$$2ysa$$9FENNI<KEEP>
012055460 650 7 L $$aviestintä$$2ysa$$9FENNI<KEEP>
012055460 650 7 L $$atupakointi$$2ysa$$9FENNI<KEEP>
012055460 650 7 L $$aehkäisy$$2ysa$$9FENNI<KEEP>
012055460 650 7 L $$akampanjat$$2ysa$$9FENNI<KEEP>
012055460 650 7 L $$ajoukkoviestintä$$2ysa
012055460 650 7 L $$akampanjat$$2ysa
012055460 650 7 L $$akielitiede$$2ysa
012055460 650 7 L $$amainokset$$xsuomen kieli$$2ysa
012055460 650 7 L $$amainonta$$2ysa
012055460 650 7 L $$ametafora$$2ysa
012055460 650 7 L $$aorganisaatioviestintä$$2ysa
012055460 650 7 L $$asuomen kieli$$2ysa
012055460 650 7 L $$atalouslehdet$$2ysa
012055460 650 7 L $$atoimintakertomukset$$2ysa
012055460 650 7 L $$aulkoinen tiedotus$$2ysa
012055460 650 7 L $$aviestintä$$2ysa
012055460 650 7 L $$ayritykset$$xmainonta$$2ysa
012055460 650 7 L $$ayritykset$$2ysa
012055460 650 7 L $$ayrityskaupat$$2ysa
012055460 650 7 L $$atoimintakertomukset$$2ysa$$9FENNI<KEEP>
012055460 650 7 L $$aföretagskommunikation$$2allars
012055460 650 7 L $$akommunikation$$2allars
012055460 650 7 L $$areklam$$2allars
012055460 650 7 L $$areklamer$$2allars
012055460 650 7 L $$asemiotik$$2allars
012055460 650 7 L $$aspråkvetenskap$$2allars
012055460 650 7 L $$aYritysviestintä$$2helecon
012055460 650 7 L $$aadvertising$$2helecon
012055460 650 7 L $$abusiness communication$$2helecon
012055460 650 7 L $$acommunication$$2helecon
012055460 650 7 L $$alinguistics$$2helecon
012055460 650 7 L $$alehtikieli$$2kta
012055460 650 7 L $$amainoskieli$$xsuomen kieli$$2kta
012055460 650 7 L $$ametafora$$2kta
012055460 77608 L $$iPainettu:$$z9517919360$$9FENNI<KEEP>
012055460 7001  L $$aJuvonen, Katariina.
012055460 7001  L $$aKangasharju, Helena,$$d1945-$$0(FIN11)000046664
012055460 7001  L $$aPälli, Pekka,$$d1968-$$0(FIN11)000116363
012055460 830 0 L $$aHelsingin kauppakorkeakoulun julkaisuja.$$x0356-889X ;$$v63.$$nB,
012055460 85640 L $$uhttp://urn.fi/URN:ISBN:951-791-937-9$$zLinkki verkkoaineistoon
012055460 85640 L $$uhttp://urn.fi/URN:ISBN:951-791-937-9$$zKäytettävissä vapaakappalekirjastoissa$$5FI-Vapaa
012055460 CAT   L $$aP1002$$b30$$c20180109$$lFIN01$$h1431
012055460 CAT   L $$aFENNI4001$$b30$$c20190221$$lFIN01$$h1320
012055460 901   L $$aSU20190221$$5FENNI
012055460 LOW   L $$aALLI
012055460 LOW   L $$aFENNI
