012191458 FMT   L BK
012191458 LDR   L 00000cam^a2200613^i^4500
012191458 001   L 012191458
012191458 005   L 20190221095844.0
012191458 007   L cr^||^||||||||
012191458 008   L 180131s2004^^^^fi^||||^om^^^^|0|^0|fin|c
012191458 020   L $$a951-791-834-8$$qPDF
012191458 040   L $$aFI-NL$$bfin
012191458 0410  L $$afin$$beng
012191458 042   L $$afinb
012191458 0801  L $$a809.454.1$$21974/fin/fennica$$9FENNI<KEEP>
012191458 080   L $$a368/369$$21974/fin/fennica$$9FENNI<KEEP>
012191458 080   L $$a34
012191458 080   L $$a368.02
012191458 080   L $$a658.8
012191458 080   L $$a659.2
012191458 080   L $$a800.866
012191458 080   L $$a801.316.5
012191458 084   L $$a88.2$$2ykl$$9FENNI<KEEP>
012191458 084   L $$a36.3$$2ykl$$9FENNI<KEEP>
012191458 1001  L $$aKuronen, Marja-Liisa,$$d1953-$$ekirjoittaja.$$0(FIN11)000049082
012191458 24510 L $$aVakuutusehtotekstin uudistamisprosessi :$$bmatkalla alamaisesta asiakkaaksi /$$cMarja-Liisa Kuronen.
012191458 260   L $$a[Helsinki] :$$bHelsinki School of Economics,$$c2004.
012191458 300   L $$a1 verkkoaineisto (383 sivua)
012191458 336   L $$ateksti$$btxt$$2rdacontent
012191458 337   L $$atietokonekäyttöinen$$bc$$2rdamedia
012191458 338   L $$averkkoaineisto$$bcr$$2rdacarrier
012191458 4900  L $$aActa Universitatis oeconomicae Helsingiensis. A,$$x1237-556X ;$$v231
012191458 500   L $$aJulkaisussa painetun ISSN 1237-556X.$$9FENNI<KEEP>
012191458 5061  L $$aAineisto on käytettävissä vapaakappalekirjastoissa.$$fOnline access with authorization.$$2star$$5FI-Vapaa$$9FENNI<KEEP>
012191458 540   L $$aAineisto on käytettävissä tutkimus- ja muihin tarkoituksiin;$$bKansalliskirjasto;$$cLaki kulttuuriaineistojen tallettamisesta ja säilyttämisestä$$uhttp://www.finlex.fi/fi/laki/ajantasa/2007/20071433$$5FI-Vapaa$$9FENNI<KEEP>
012191458 502   L $$aVäitöskirja :$$cHelsingin kauppakorkeakoulu.$$9FENNI<KEEP>
012191458 520   L $$aAbstract: The process of revising insurance terms and conditions.$$9FENNI<KEEP>
012191458 530   L $$aJulkaistu myös painettuna.
012191458 538   L $$aInternet-yhteys.
012191458 650 7 L $$asuomen kieli$$2ysa$$9FENNI<KEEP>
012191458 650 7 L $$avakuutusala$$2ysa$$9FENNI<KEEP>
012191458 650 7 L $$avakuutussopimukset$$2ysa$$9FENNI<KEEP>
012191458 650 7 L $$atekstit$$2ysa$$9FENNI<KEEP>
012191458 650 7 L $$agenret$$2ysa$$9FENNI<KEEP>
012191458 650 7 L $$atekstilajit$$2ysa$$9FENNI<KEEP>
012191458 650 7 L $$atekstianalyysi$$2ysa$$9FENNI<KEEP>
012191458 650 7 L $$atekstintutkimus$$2ysa$$9FENNI<KEEP>
012191458 650 7 L $$aorganisaatioviestintä$$2ysa$$9FENNI<KEEP>
012191458 650 7 L $$aammattikieli$$xvakuutus$$2ysa
012191458 650 7 L $$aautot$$2ysa
012191458 650 7 L $$aintertekstuaalisuus$$2ysa
012191458 650 7 L $$akielioppi$$2ysa
012191458 650 7 L $$akielitiede$$2ysa
012191458 650 7 L $$akirjoittaminen$$2ysa
012191458 650 7 L $$alakikieli$$xvakuutus$$xmoottoriajoneuvot$$2ysa
012191458 650 7 L $$aorganisaatio$$2ysa
012191458 650 7 L $$asopimukset$$xuudistukset$$xvakuutusala$$2ysa
012191458 650 7 L $$atekstilingvistiikka$$2ysa
012191458 650 7 L $$atekstit$$xanalyysi$$xvakuutusala$$xkielitiede$$2ysa
012191458 650 7 L $$atekstit$$xtutkimus$$xvakuutusala$$2ysa
012191458 650 7 L $$aterminologia$$xvakuutus$$2ysa
012191458 650 7 L $$avakuutus$$2ysa
012191458 650 7 L $$xviestintä$$avakuutusyhtiöt$$2ysa
012191458 650 7 L $$aviestintä$$2ysa
012191458 650 7 L $$aavtal$$xreformer$$xförsäkringsbranschen$$2allars
012191458 650 7 L $$afackspråk$$xförsäkring$$2allars
012191458 650 7 L $$aföretagskommunikation$$2allars
012191458 650 7 L $$aförsäkringar$$2allars
012191458 650 7 L $$aförsäkringsavtal$$2allars
012191458 650 7 L $$aförsäkringsbolag$$2allars
012191458 650 7 L $$akommunikation$$2allars
012191458 650 7 L $$alagspråk$$xförsäkring$$xmotorfordon$$2allars
012191458 650 7 L $$alingvistik$$2allars
012191458 650 7 L $$aorganisation$$2allars
012191458 650 7 L $$askrivande$$2allars
012191458 650 7 L $$aterminolgi$$xförsäkring$$2allars
012191458 650 7 L $$aterminologi$$xförsäkring$$2allars
012191458 650 7 L $$atexter$$xanalys$$xförsäkringsbranschen$$xlingvistik$$2allars
012191458 650 7 L $$atexter$$xforskning$$xförsäkringsbranschen$$2allars
012191458 650 7 L $$aCommunication$$2helecon
012191458 650 7 L $$aContracts$$2helecon
012191458 650 7 L $$aInsurance companies$$2helecon
012191458 650 7 L $$aInsurances$$2helecon
012191458 650 7 L $$aKielitiede$$2helecon
012191458 650 7 L $$aKirjoittaminen$$2helecon
012191458 650 7 L $$aLinguistics$$2helecon
012191458 650 7 L $$aOrganisaatio$$2helecon
012191458 650 7 L $$aOrganization$$2helecon
012191458 650 7 L $$aSopimukset$$2helecon
012191458 650 7 L $$aVakuutukset$$2helecon
012191458 650 7 L $$aVakuutusyhtiöt$$2helecon
012191458 650 7 L $$aViestintä$$2helecon
012191458 650 7 L $$aWriting$$2helecon
012191458 650 7 L $$aYritysviestintä$$2helecon
012191458 77608 L $$iPainettu:$$z951791833X$$9FENNI<KEEP>
012191458 85640 L $$uhttp://urn.fi/URN:ISBN:951-791-833-X$$zLinkki verkkoaineistoon$$5FI-Vapaa
012191458 CAT   L $$aP1002$$b30$$c20180131$$lFIN01$$h1021
012191458 CAT   L $$aP1002$$b30$$c20180131$$lFIN01$$h1023
012191458 CAT   L $$aFENNI4001$$b30$$c20190221$$lFIN01$$h0958
012191458 901   L $$aSU20190220$$5FENNI
012191458 LOW   L $$aALLI
012191458 LOW   L $$aFENNI
