012191624 FMT   L BK
012191624 LDR   L 00000cam^a2200853^i^4500
012191624 001   L 012191624
012191624 005   L 20190221111111.0
012191624 007   L cr^||^||||||||
012191624 008   L 180131s2004^^^^fi^||||^om^^^^|0||0|fin|c
012191624 020   L $$a951-791-836-4$$qPDF
012191624 035   L $$a(FI-MELINDA)012191624
012191624 040   L $$aFI-NL$$bfin
012191624 0410  L $$afin
012191624 042   L $$afinb
012191624 0801  L $$a65.01$$21974/fin/fennica$$9FENNI<KEEP>
012191624 080   L $$a502/504$$21974/fin/fennica$$9FENNI<KEEP>
012191624 080   L $$a676$$21974/fin/fennica$$9FENNI<KEEP>
012191624 080   L $$a504
012191624 080   L $$a65.012.4
012191624 080   L $$a502.1
012191624 084   L $$a64.13$$2ykl$$9FENNI<KEEP>
012191624 1001  L $$aKuisma, Mika,$$d1959-$$ekirjoittaja.$$0(FIN11)000075078
012191624 24510 L $$aErilaistuminen vai samanlaistuminen? :$$bvertaileva tutkimus paperiteollisuusyhtiöiden ympäristöjohtamisesta /$$cMika Kuisma.
012191624 260   L $$a[Helsinki] :$$bHelsinki School of Economics,$$c2004.
012191624 300   L $$a1 verkkoaineisto (215 sivua)
012191624 336   L $$ateksti$$btxt$$2rdacontent
012191624 337   L $$atietokonekäyttöinen$$bc$$2rdamedia
012191624 338   L $$averkkoaineisto$$bcr$$2rdacarrier
012191624 4901  L $$aActa Universitatis oeconomicae Helsingiensis. A,$$x1237-556X ;$$v232
012191624 5061  L $$aAineisto on käytettävissä vapaakappalekirjastoissa.$$fOnline access with authorization.$$2star$$5FI-Vapaa$$9FENNI<KEEP>
012191624 540   L $$aAineisto on käytettävissä tutkimus- ja muihin tarkoituksiin;$$bKansalliskirjasto;$$cLaki kulttuuriaineistojen tallettamisesta ja säilyttämisestä$$uhttp://www.finlex.fi/fi/laki/ajantasa/2007/20071433$$5FI-Vapaa$$9FENNI<KEEP>
012191624 502   L $$aVäitöskirja :$$cHelsingin kauppakorkeakoulu.$$9FENNI<KEEP>
012191624 530   L $$aJulkaistu myös painettuna.
012191624 538   L $$aInternet-yhteys.
012191624 650 7 L $$apaperiteollisuus$$2ysa$$9FENNI<KEEP>
012191624 650 7 L $$aselluteollisuus$$2ysa$$9FENNI<KEEP>
012191624 650 7 L $$ayritykset$$2ysa$$9FENNI<KEEP>
012191624 650 7 L $$ayhdenmukaisuus$$2ysa$$9FENNI<KEEP>
012191624 650 7 L $$aerilaistuminen$$2ysa$$9FENNI<KEEP>
012191624 650 7 L $$akilpailukyky$$2ysa$$9FENNI<KEEP>
012191624 650 7 L $$aerilaistuminen$$xympäristöjohtaminen$$2ysa
012191624 650 7 L $$ametsäteollisuus$$xympäristöjohtaminen$$2ysa
012191624 650 7 L $$aorganisaatioteoriat$$xympäristöjohtaminen$$2ysa
012191624 650 7 L $$apaperiteollisuus$$xympäristöjohtaminen$$2ysa
012191624 650 7 L $$aympäristöjohtaminen$$xmetsäteollisuus$$2ysa
012191624 650 7 L $$aympäristöjohtaminen$$xpaperiteollisuus$$2ysa
012191624 650 7 L $$aympäristöjohtaminen$$xstrategia$$2ysa
012191624 650 7 L $$aympäristöjohtaminen$$2ysa
012191624 650 7 L $$adifferentiering$$xmiljöledarskap$$2allars
012191624 650 7 L $$amiljöledarskap$$xstrategi$$2allars
012191624 650 7 L $$amiljöledning$$2allars
012191624 650 7 L $$amljöledarskap$$2allars
012191624 650 7 L $$aorganisationsteorier$$xmiljöledarskap$$2allars
012191624 650 7 L $$apappersindustri$$xmiljöledarskap$$2allars
012191624 650 7 L $$askogsindustri$$xmiljöledarskap$$2allars
012191624 650 7 L $$aEnvironmental management$$2helecon
012191624 650 7 L $$aForestry industry$$2helecon
012191624 650 7 L $$aMetsäteollisuus$$2helecon
012191624 650 7 L $$aPaper industry$$2helecon
012191624 650 7 L $$aPaperiteollisuus$$2helecon
012191624 650 7 L $$aYmpäristöjohtaminen$$2helecon
012191624 77608 L $$iPainettu:$$z951-791-835-6$$9FENNI<KEEP>
012191624 830 0 L $$aActa Universitatis oeconomicae Helsingiensis.$$nA,$$x1237-556X ;$$v232.
012191624 85640 L $$uhttp://urn.fi/URN:ISBN:951-791-835-6$$zLinkki verkkoaineistoon
012191624 85640 L $$uhttp://urn.fi/URN:ISBN:951-791-835-6$$zKäytettävissä vapaakappalekirjastoissa$$5FENNI
012191624 CAT   L $$aP1002$$b30$$c20180131$$lFIN01$$h1214
012191624 CAT   L $$aP1002$$b30$$c20180131$$lFIN01$$h1214
012191624 CAT   L $$aP1002$$b30$$c20180131$$lFIN01$$h1216
012191624 CAT   L $$aP1002$$b30$$c20180131$$lFIN01$$h1220
012191624 CAT   L $$aFENNI4001$$b30$$c20190220$$lFIN01$$h0812
012191624 CAT   L $$aLOAD-FIX$$b30$$c20190221$$lFIN01$$h1111
012191624 CAT   L $$aLOAD-FIX$$b30$$c20190221$$lFIN01$$h1111
012191624 901   L $$aSU20190220$$5FENNI
012191624 LOW   L $$aALLI
012191624 LOW   L $$aFENNI
