012231508 FMT   L BK
012231508 LDR   L 00000cam^a22002178i^4500
012231508 001   L 012231508
012231508 005   L 20190220161006.0
012231508 007   L cr|||^||||||||
012231508 008   L 180404s2018^^^^fi^||||^om^^^^|0|^0|fin|^
012231508 020   L $$a978-951-51-4204-7$$qPDF
012231508 040   L $$aFI-NL$$bfin$$erda
012231508 0410  L $$afin$$beng
012231508 042   L $$afinb
012231508 1001  L $$aPortaankorva, Jari,$$d1960-$$ekirjoittaja.$$0(FIN11)000165752
012231508 24510 L $$aUskontodiplomatia ja konfliktin ratkaisu :$$bmuslimit ja kristityt sovinnon rakentajina /$$cJari Portaankorva.
012231508 264 1 L $$aHelsinki :$$bHelsinkin yliopisto,$$c2018.
012231508 300   L $$a1 verkkoaineisto (86 sivua) :$$bkuvitettu
012231508 336   L $$ateksti$$btxt$$2rdacontent
012231508 337   L $$atietokonekäyttöinen$$bc$$2rdamedia
012231508 338   L $$averkkoaineisto$$bcr$$2rdacarrier
012231508 500   L $$aArtikkeliväitöskirjan yhteenveto-osa.$$9FENNI<KEEP>
012231508 502   L $$aVäitöskirja :$$cHelsinkin yliopisto, humanistinen tiedekunta, maailman kulttuurien laitos, uskontotiede,$$d2018.$$9FENNI<KEEP>
012231508 520   L $$aFaith-based diplomacy and conflict resolution : Muslims and Christians building reconciliation.$$9FENNI<KEEP>
012231508 77608 L $$iPainettu:$$z978-951-51-4203-0$$9FENNI<KEEP>
012231508 85640 L $$uhttp://urn.fi/URN:ISBN:978-951-51-4204-7$$yLinkki verkkoaineistoon
012231508 CAT   L $$aFENNI4003$$b30$$c20180404$$lFIN01$$h1146
012231508 CAT   L $$aFENNI40010$$b30$$c20190220$$lFIN01$$h1604
012231508 CAT   L $$aFENNI40010$$b30$$c20190220$$lFIN01$$h1610
012231508 901   L $$aSU2019$$5FENNI
012231508 LOW   L $$aFENNI
