012234698 FMT   L BK
012234698 LDR   L 00000cam^a22^^^^^^i^4500
012234698 001   L 012234698
012234698 005   L 20190107124522.0
012234698 007   L cr|||^||||||||
012234698 008   L 180410s2018^^^^fi^a^^^^o^^^^^000^0^fin|^
012234698 020   L $$a978-952-456-297-3$$qPDF
012234698 040   L $$aFI-Tua$$bfin$$erda$$dFI-Kareli$$dFI-NL
012234698 0410  L $$afin
012234698 042   L $$afinb
012234698 0801  L $$a613.8$$21974/fin/fennica$$9FENNI<KEEP>
012234698 0801  L $$a364$$21974/fin/fennica$$9FENNI<KEEP>
012234698 084   L $$a37.6$$2ykl$$9FENNI<KEEP>
012234698 24500 L $$aSitä samaa(ko)? :$$bpäihdekasvatuksen soundcheck /$$cMarjo Kolehmainen & Johanna Kuivakangas (toim.) ; kuvat: Päivi Puttonen, Katriina Hämäläinen.
012234698 24630 L $$aSitä samaako?
012234698 24630 L $$aPäihdekasvatuksen soundcheck
012234698 264 1 L $$aHelsinki :$$bHumanistinen ammattikorkeakoulu,$$c[2018]
012234698 300   L $$a1 verkkoaineisto (96 sivua) :$$bkuvitettu
012234698 336   L $$ateksti$$btxt$$2rdacontent
012234698 337   L $$atietokonekäyttöinen$$bc$$2rdamedia
012234698 338   L $$averkkoaineisto$$bcr$$2rdacarrier
012234698 4901  L $$aHumanistisen ammattikorkeakoulun julkaisuja,$$x2343-0672 ;$$v53
012234698 500   L $$aArtikkelit: Marjo Kolehmainen ja muita.$$9FENNI<KEEP>
012234698 5060  L $$aAineisto on vapaasti saatavissa.$$fUnrestricted online access$$2star
012234698 5061  L $$aAineisto on käytettävissä vapaakappalekirjastoissa.$$fOnline access with authorization.$$2star$$5FI-Vapaa$$9FENNI<KEEP>
012234698 540   L $$aAineisto on käytettävissä tutkimus- ja muihin tarkoituksiin;$$bKansalliskirjasto;$$cLaki kulttuuriaineistojen tallettamisesta ja säilyttämisestä$$uhttp://www.finlex.fi/fi/laki/ajantasa/2007/20071433$$5FI-Vapaa$$9FENNI<KEEP>
012234698 5050  L $$aTraileri / Marjo Kolehmainen & Johanna Kuivakangas. -- 1. OSA: Alussa oli päihdekasvattaja -- Nuorisotutkija päihdekasvattajana – virittävän valistuksen malli ja Mikko Salasuo / Tommi Hoikkala. -- Päihdekasvattaja – päihteillä vai ilman? / Elsi Vuohelainen. -- Päihteet työnä – mitä ammattilainen todella ajattelee / Johanna Kuivakangas. -- Roolipeliä – nuorten kanssa toimivien ammattilaisten pelistrategiat nuorten päihdeasenteiden edessä / Marjo Kolehmainen. -- 2. OSA: Sitten tulivat nuoret -- Normihommia ja norminrikkojia – päihteiden paikka nuorten arjessa / Mari Tapio. -- Pitää tietää ite – pohdinnan herättelystä toimijuuden tukemiseen ammatillisissa oppilaitoksissa / Antti Maunu. -- Korkeakoulujen haalaribilettäjät ja heidän opiskelijakollegansa äitihahmot – kaikki tahtovat pitää hauskaa / Marjo Kolehmainen. -- 3. OSA: Tapahtumapaikalla -- Haloo – nuorten aikuisten mietteitä heidän saamansa päihdekasvatuksen merkityksestä / Heidi Odell & Noora Paakki. -- Nuorten kokemukset ja päihdekulttuurinen kehys / Pia Lundbom & Zita Kóbor-Laitinen. -- Musliminuoret alkoholikulttuurien ristiaallokossa – muslimitaustaisten maahanmuuttajanuorten integroituminen suomalaiseen alkoholikulttuuriin / Arto Lindholm. -- Musiikin voimalla – nuorten suomalaisessa päihdekulttuurissa kasvamisen maisemia ammattilaisten suulla / Marjo Kolehmainen.
012234698 538   L $$aInternet-yhteys.
012234698 588   L $$aKuvailu verkkoaineistosta 10.4.2018.
012234698 650 7 L $$apäihdekasvatus$$2ysa$$9FENNI<KEEP>
012234698 650 7 L $$aehkäisevä päihdetyö$$2ysa$$9FENNI<KEEP>
012234698 650 7 L $$apäihdetyö$$2ysa
012234698 650 7 L $$aterveyden edistäminen$$2ysa
012234698 650 7 L $$anuoret$$2ysa$$9FENNI<KEEP>
012234698 650 7 L $$apäihteet$$2ysa$$9FENNI<KEEP>
012234698 650 7 L $$aasenteet$$2ysa$$9FENNI<KEEP>
012234698 650 7 L $$apäihdekulttuuri$$2ysa$$9FENNI<KEEP>
012234698 650 7 L $$aalkoholikulttuuri$$2ysa
012234698 7001  L $$aKolehmainen, Marjo,$$d1979-$$0(FIN11)000173020$$ekirjoittaja,$$etoimittaja.
012234698 7001  L $$aKuivakangas, Johanna,$$d1968-$$etoimittaja.$$0(FIN11)000092450
012234698 7001  L $$aPuttonen, Päivi,$$ekuvittaja.$$9FENNI<DROP>
012234698 7001  L $$aHämäläinen, Katriina,$$ekuvittaja.$$9FENNI<DROP>
012234698 7102  L $$aHumanistinen ammattikorkeakoulu.$$0(FIN11)000031738
012234698 77608 L $$iPainettu:$$z9789524562966$$9FENNI<KEEP>
012234698 830 0 L $$aHumanistisen ammattikorkeakoulu.$$pJulkaisuja,$$x2343-0672 ;$$v53.
012234698 85640 L $$uhttp://www.preventiimi.fi/wp-content/uploads/sites/28/2018/04/Sita-samaako-paihdekasvatuksen-soundcheck.pdf$$yLinkki verkkoaineistoon$$9DIAK<KEEP>$$9FENNI<DROP>
012234698 85640 L $$uhttp://urn.fi/URN:ISBN: 978-952-456-297-3$$zKäytettävissä vapaakappalekirjastoissa$$5FENNI
012234698 CAT   L $$aAURA4004$$b30$$c20180410$$lFIN01$$h1122
012234698 CAT   L $$aAURA4004$$b30$$c20180410$$lFIN01$$h1123
012234698 CAT   L $$aAURA4004$$b30$$c20180410$$lFIN01$$h1123
012234698 CAT   L $$aAURA4004$$b30$$c20180410$$lFIN01$$h1123
012234698 CAT   L $$aKARE2002$$b30$$c20180410$$lFIN01$$h1223
012234698 CAT   L $$aKARE2002$$b30$$c20180410$$lFIN01$$h1224
012234698 CAT   L $$aSEAMK1010$$b30$$c20180410$$lFIN01$$h1316
012234698 CAT   L $$aSEAMK1010$$b30$$c20180410$$lFIN01$$h1317
012234698 CAT   L $$aTAMK4005$$b30$$c20180412$$lFIN01$$h1235
012234698 CAT   L $$aTAMK4005$$b30$$c20180412$$lFIN01$$h1236
012234698 CAT   L $$aDIAK4101$$b30$$c20180523$$lFIN01$$h0943
012234698 CAT   L $$aHURMA4009$$b30$$c20180824$$lFIN01$$h1256
012234698 CAT   L $$aHURMA4009$$b30$$c20180824$$lFIN01$$h1259
012234698 CAT   L $$aHURMA4009$$b30$$c20180824$$lFIN01$$h1304
012234698 CAT   L $$aSAMK4009$$b30$$c20181114$$lFIN01$$h1516
012234698 CAT   L $$aFENNI4001$$b30$$c20190107$$lFIN01$$h1245
012234698 901   L $$aSU20190107$$5FENNI
012234698 LOW   L $$aAURA
012234698 LOW   L $$aKARE
012234698 LOW   L $$aOAMK
012234698 LOW   L $$aSEAMK
012234698 LOW   L $$aTAMK
012234698 LOW   L $$aDIAK
012234698 LOW   L $$aLAURE
012234698 LOW   L $$aSAMK
012234698 LOW   L $$aHURMA
012234698 LOW   L $$aFENNI
