012250883 FMT   L BK
012250883 LDR   L 00000cam^a22^^^^^^i^4500
012250883 001   L 012250883
012250883 005   L 20190107123921.0
012250883 007   L cr|||^||||||||
012250883 008   L 180425s2018^^^^fi^||||^o^^^^|00|^0|fin|^
012250883 020   L $$a978-952-216-659-3$$qPDF
012250883 040   L $$aFI-Tua$$bfin$$erda$$dFI-NL
012250883 0410  L $$afin
012250883 042   L $$afinb
012250883 0801  L $$a338.4$$21974/fin/fennica$$9FENNI<KEEP>
012250883 0801  L $$a338.48
012250883 24500 L $$aMaaseutumatkailuyrityksen tietoreppu :$$bopas kilpailukyvyn ja elämyksellisyyden kasvattamiseksi /$$cTelle Tuominen (toim.).
012250883 264 1 L $$aTurku :$$bTurun ammattikorkeakolu,$$c2018.
012250883 300   L $$a1 verkkoaineisto (31 sivua) :$$bkuvitettu
012250883 336   L $$ateksti$$btxt$$2rdacontent
012250883 337   L $$atietokonekäyttöinen$$bc$$2rdamedia
012250883 338   L $$averkkoaineisto$$bcr$$2rdacarrier
012250883 4901  L $$aTurun ammattikorkeakoulun oppimateriaaleja,$$x1796-9972 ;$$v111
012250883 5060  L $$aAineisto on vapaasti saatavissa.$$fUnrestricted online access$$2star
012250883 5061  L $$aAineisto on käytettävissä vapaakappalekirjastoissa.$$fOnline access with authorization.$$2star$$5FI-Vapaa$$9FENNI<KEEP>
012250883 540   L $$aAineisto on käytettävissä tutkimus- ja muihin tarkoituksiin;$$bKansalliskirjasto;$$cLaki kulttuuriaineistojen tallettamisesta ja säilyttämisestä$$uhttp://www.finlex.fi/fi/laki/ajantasa/2007/20071433$$5FI-Vapaa$$9FENNI<KEEP>
012250883 520   L $$aSuomen matkailu elää nousukautta ja monet kansainväliset kysyntätrendit puhuvat kasvun jatkumisen puolesta. Erityisesti ulkomaalaisten matkailijoiden määrä on kasvussa. Matkailijat ovat yhä kokeneempia ja laatutietoisempia. Toimintaympäristössä tapahtuu jatkuvasti muutoksia. Esimerkiksi digitaalisuus, globaali kilpailu matkailijoista sekä EU-tason muutos matkapalveluyhdistelmissä haastavat mikroyritysvaltaista matkailualaa Suomessa. Tämä opas nostaa esille matkailualan ajankohtaisia teemoja yrityshaastattelujen ja tietoiskujen avulla. Soveltamalla esiteltyjä hyviä käytänteitä yritys voi parantaa kilpailukykyään sekä kehittää tarjoamaansa asiakaskokemusta elämyksellisemmäksi. Matkailualan kehittäjille opas tarjoaa ideoita kehittämistoimenpiteisiin. Alan opiskelijoille opas antaa realistisen kuvan matkailualan pienyrityksen kilpailukeinoista sekä alaa puhuttavista ajankohtaisista näkökulmista. -- Julkaisija.
012250883 588   L $$aKuvailu verkkoaineistosta 25.4.2018.
012250883 650 7 L $$amatkailu$$2ysa$$9FENNI<KEEP>
012250883 650 7 L $$amatkailuyritykset$$2ysa$$9FENNI<KEEP>
012250883 650 7 L $$amaaseutumatkailu$$2ysa$$9FENNI<KEEP>
012250883 650 7 L $$akilpailukyky$$2ysa$$9FENNI<KEEP>
012250883 650 7 L $$aelämyksellisyys$$2ysa$$9FENNI<KEEP>
012250883 650 7 L $$amatkailuala$$2ysa$$9FENNI<KEEP>
012250883 650 7 L $$ahyvät käytännöt$$2ysa$$9FENNI<KEEP>
012250883 650 7 L $$aelämysmatkailu$$2ysa$$9FENNI<KEEP>
012250883 650 7 L $$alaatu$$2ysa$$9FENNI<KEEP>
012250883 650 7 L $$abenchmarking$$2ysa$$9FENNI<KEEP>
012250883 650 7 L $$amatkailupalvelut$$2ysa$$9FENNI<KEEP>
012250883 650 7 L $$amarkkinointi$$2ysa$$9FENNI<KEEP>
012250883 650 7 L $$asuomalaisuus$$2ysa
012250883 651 7 L $$aSuomi$$2ysa
012250883 655 7 L $$aoppaat (teokset)$$2ysa$$9FENNI<KEEP>
012250883 7102  L $$aTurun ammattikorkeakoulu.$$0(FIN11)000014624
012250883 7001  L $$aTuominen, Telle,$$etoimittaja,$$ekirjoittaja.
012250883 830 0 L $$aTurun ammattikorkeakoulun oppimateriaaleja,$$x1796-9972 ;$$v111
012250883 85640 L $$uhttp://julkaisut.turkuamk.fi/isbn9789522166593.pdf$$yLinkki verkkoaineistoon$$9FENNI<DROP>
012250883 85640 L $$uhttp://urn.fi/URN:ISBN:978-952-216-659-3$$zKäytettävissä vapaakappalekirjastoissa$$5FENNI
012250883 CAT   L $$aAURA4015$$b30$$c20180425$$lFIN01$$h0833
012250883 CAT   L $$aAURA4015$$b30$$c20180425$$lFIN01$$h0834
012250883 CAT   L $$aFENNI4001$$b30$$c20190107$$lFIN01$$h1239
012250883 901   L $$aSU20190107$$5FENNI
012250883 LOW   L $$aAURA
012250883 LOW   L $$aFENNI
