013042036 FMT   L BK
013042036 LDR   L 00000cam^a22^^^^^^i^4500
013042036 001   L 013042036
013042036 005   L 20190103093901.0
013042036 006   L m|||||o|||||||||||
013042036 007   L cr^|u^||||||||
013042036 008   L 180627s2018^^^^fi^a^^^^^^^^^^000|0^fin|^
013042036 020   L $$a978-952-216-666-1$$qPDF
013042036 040   L $$aFI-Tua$$bfin$$erda$$dFI-Sekor$$dFI-NL
013042036 0410  L $$afin$$aeng
013042036 042   L $$afinb
013042036 0801  L $$a331$$21974/fin/fennica$$9FENNI<KEEP>
013042036 084   L $$a36.13$$2ykl
013042036 24500 L $$aVuorovaikutuksella hyvinvointia työelämään /$$cPauli Aali (toim.).
013042036 264 1 L $$aTurku :$$bTurun ammattikorkeakoulu,$$c2018.
013042036 300   L $$a1 verkkoaineisto (92 sivua) :$$bkuvitettu
013042036 336   L $$ateksti$$btxt$$2rdacontent
013042036 337   L $$atietokonekäyttöinen$$bc$$2rdamedia
013042036 338   L $$averkkoaineisto$$bcr$$2rdacarrier
013042036 4901  L $$aTurun ammattikorkeakoulun puheenvuoroja,$$x1459-7756 ;$$v95
013042036 5060  L $$aAineisto on vapaasti saatavissa.$$fUnrestricted online access$$2star
013042036 5061  L $$aAineisto on käytettävissä vapaakappalekirjastoissa.$$fOnline access with authorization.$$2star$$5FI-Vapaa$$9FENNI<KEEP>
013042036 540   L $$aAineisto on käytettävissä tutkimus- ja muihin tarkoituksiin;$$bKansalliskirjasto;$$cLaki kulttuuriaineistojen tallettamisesta ja säilyttämisestä$$uhttp://www.finlex.fi/fi/laki/ajantasa/2007/20071433$$5FI-Vapaa$$9FENNI<KEEP>
013042036 5050  L $$aEsipuhe -- Positiivisesti poikkeava vuorovaikutus : yhteistyöllä kohti parempaa asiakaskokemusta / Hanna Hiitelä & Paula Aali -- Paikka jossa on lupa olla oma itsensä : kirjastojen vaikuttavuus asiakkaiden kertomana / Tanja Ojakangas & Olli Mäkinen -- Yrityksen sisäinen viestintä: tiedonkulkua ja vuorovaikutusta / Heli Lindroos & Paula Aali -- Tietoinen itsensä johtaminen ja ajankäytön hallinta aikuisopiskelijan hyvinvoinnin tukena / Laura Yli-Arvela & Mervi Varhelahti -- Yhteiseksi tekeminen ja yhteisöllinen tuottavuus – dynaaminen johtaminen muuttuvassa ympäristössä / Kati Vainio & Eila Jylhä -- The emotional intelligence skills for managers valued by recruiters and how to develop them / Niina Majaniemi & Keijo Varis.
013042036 520   L $$aMuuttuva työympäristö vaatii työntekijöiltä yhä enemmän, mutta tietoinen itsensä johtaminen ja ajanhallinta auttavat selviytymään arjessa. Tunneälytaitojen kehittäminen auttaa tänä päivänä myös työuralla etenemisessä. Vuorovaikutuksella hyvinvointia työelämään -kokoelman teemana on vuorovaikutus ja hyvinvointi sekä työyhteisöissä että asiakaskokemuksissa. Positiivisesti poikkeava vuorovaikutus saa aikaan tuloksellisuutta ja hyvinvointia ihmisen elämässä sekä kotona että työssä. Artikkelit pohjautuvat Turun ammattikorkeakoulun tekniikan ja liiketoiminnan alojen ylemmän ammattikorkeakoulututkinnon opinnäytetöihin. Kokoelmassa esitellään valmiita kehittämistöitä ja tuodaan esille niiden merkitystä alueen elinkeinoelämälle. Kirjoittajina ovat ylemmän ammattikorkeakoulututkinnon suorittaneet opiskelijat sekä heitä ohjanneet opettajat.
013042036 530   L $$aJulkaistu myös verkkoaineistona.
013042036 546   L $$aTekstiä myös englanniksi.$$9FENNI<KEEP>
013042036 588   L $$aKuvailu tarkistettu verkkoaineistosta 27.06.2018.
013042036 650 7 L $$atyöelämä$$2ysa$$9FENNI<KEEP>
013042036 650 7 L $$ahyvinvointi$$2ysa$$9FENNI<KEEP>
013042036 650 7 L $$avuorovaikutus$$2ysa$$9FENNI<KEEP>
013042036 650 7 L $$ayhteistyö$$2ysa$$9FENNI<KEEP>
013042036 650 7 L $$aasiakkaat$$2ysa$$9FENNI<KEEP>
013042036 650 7 L $$aasiakaskokemus$$2ysa$$9FENNI<KEEP>
013042036 650 7 L $$aasiakastyö$$2ysa$$9FENNI<KEEP>
013042036 650 7 L $$akirjastot$$2ysa
013042036 650 7 L $$avaikuttavuus$$2ysa
013042036 650 7 L $$asisäinen tiedotus$$2ysa
013042036 650 7 L $$aitsensä johtaminen$$2ysa
013042036 650 7 L $$aajanhallinta$$2ysa
013042036 7001  L $$aAali, Paula,$$d1957-$$0(FIN11)000184484$$ekirjoittaja,$$etoimittaja.
013042036 7001  L $$aHiitelä, Hanna,$$ekirjoittaja.$$9FENNI<DROP>
013042036 7001  L $$aOjakangas, Tanja,$$ekirjoittaja.$$9FENNI<DROP>
013042036 7001  L $$aMäkinen, Olli,$$ekirjoittaja.$$9FENNI<DROP>
013042036 7001  L $$aLindroos, Heli,$$ekirjoittaja.$$9FENNI<DROP>
013042036 7001  L $$aYli-Arvela, Laura,$$ekirjoittaja.$$9FENNI<DROP>
013042036 7001  L $$aVarhelahti, Mervi,$$ekirjoittaja.$$9FENNI<DROP>
013042036 7001  L $$aVainio, Kati,$$ekirjoittaja.$$9FENNI<DROP>
013042036 7001  L $$aJylhä, Eila,$$d1950-$$0(FIN11)000091310$$ekirjoittaja.$$9FENNI<DROP>
013042036 7001  L $$aMajaniemi, Niina,$$ekirjoittaja.$$9FENNI<DROP>
013042036 7001  L $$aVaris, Keijo,$$d1961-$$0(FIN11)000150034$$ekirjoittaja.$$9FENNI<DROP>
013042036 7102  L $$aTurun ammattikorkeakoulu.$$0(FIN11)000014624
013042036 77608 L $$iPainettu:$$z978-952-216-665-4$$9FENNI<KEEP>
013042036 830 0 L $$aTurun ammattikorkeakoulun puheenvuoroja.$$x1459-7756 ;$$v95.
013042036 85640 L $$uhttp://julkaisut.turkuamk.fi/isbn9789522166661.pdf$$yLinkki verkkoaineistoon
013042036 85640 L $$uhttp://urn.fi/URN:ISBN:978-952-216-666-1$$zKäytettävissä vapaakappalekirjastoissa$$5FENNI
013042036 CAT   L $$aSEAMK1005$$b30$$c20180627$$lFIN01$$h1237
013042036 CAT   L $$aSEAMK1005$$b30$$c20180627$$lFIN01$$h1245
013042036 CAT   L $$aSEAMK1005$$b30$$c20180627$$lFIN01$$h1248
013042036 CAT   L $$aSEAMK1005$$b30$$c20180627$$lFIN01$$h1252
013042036 CAT   L $$aSEAMK1005$$b30$$c20180627$$lFIN01$$h1256
013042036 CAT   L $$aTK1002$$b30$$c20180822$$lFIN01$$h1700
013042036 CAT   L $$aFENNI4001$$b30$$c20190103$$lFIN01$$h0938
013042036 CAT   L $$aFENNI4001$$b30$$c20190103$$lFIN01$$h0938
013042036 CAT   L $$aFENNI4001$$b30$$c20190103$$lFIN01$$h0939
013042036 901   L $$aSU20190103$$5FENNI
013042036 LOW   L $$aSEAMK
013042036 LOW   L $$aMETRO
013042036 LOW   L $$aFENNI
