013618879 FMT   L BK
013618879 LDR   L 00000cam^a22^^^^^^i^4500
013618879 001   L 013618879
013618879 005   L 20190103094811.0
013618879 007   L cr|||^||||||||
013618879 008   L 180820s2018^^^^fi^a^^^^o^^^^^000^0^fin|^
013618879 020   L $$a978-952-216-663-0$$qPDF
013618879 040   L $$aFI-Tua$$bfin$$erda$$dFI-NL
013618879 0410  L $$afin
013618879 042   L $$afinb
013618879 0801  L $$a658$$21974/fin/fennica$$9FENNI<KEEP>
013618879 24500 L $$aSELKO :$$byrityspalveluja osallistamalla /$$cPäivi Katajamäki & Mervi Vuolas (toim.) ; kirjoittajat: Päivi Katajamäki, Mervi Vuolas, Hyrynsalmi Sonja, Keva Tero, Kyynäräinen Niko, Putkonen Ari, Vainio Johanna.
013618879 24630 L $$aYrityspalveluja osallistamalla
013618879 264 1 L $$aTurku :$$bTurun ammattikorkeakoulu,$$c2018.
013618879 300   L $$a1 verkkoaineisto (64 sivua) :$$bkuvitettu
013618879 336   L $$ateksti$$btxt$$2rdacontent
013618879 337   L $$atietokonekäyttöinen$$bc$$2rdamedia
013618879 338   L $$averkkoaineisto$$bcr$$2rdacarrier
013618879 4901  L $$aTurun ammattikorkeakoulun raportteja,$$x1457-7764 ;$$v243
013618879 500   L $$aJulkaisussa virheellinen ISSN.$$9FENNI<KEEP>
013618879 5060  L $$aAineisto on vapaasti saatavissa$$fUnrestricted online access$$2star
013618879 5061  L $$aAineisto on käytettävissä vapaakappalekirjastoissa.$$fOnline access with authorization.$$2star$$5FI-Vapaa$$9FENNI<KEEP>
013618879 540   L $$aAineisto on käytettävissä tutkimus- ja muihin tarkoituksiin;$$bKansalliskirjasto;$$cLaki kulttuuriaineistojen tallettamisesta ja säilyttämisestä$$uhttp://www.finlex.fi/fi/laki/ajantasa/2007/20071433$$5FI-Vapaa$$9FENNI<KEEP>
013618879 588   L $$aKuvailu verkkoaineistosta 20.8.2018.
013618879 650 7 L $$ayrityspalvelut$$2ysa$$9FENNI<KEEP>
013618879 650 7 L $$aosallistaminen$$2ysa$$9FENNI<KEEP>
013618879 650 7 L $$amuotoilu$$2ysa
013618879 650 7 L $$apalvelumuotoilu$$2ysa$$9FENNI<KEEP>
013618879 650 7 L $$aasiakkaat$$2ysa$$9FENNI<KEEP>
013618879 650 7 L $$apalvelut$$2ysa$$9FENNI<KEEP>
013618879 650 7 L $$aasiakaslähtöisyys$$2ysa$$9FENNI<KEEP>
013618879 7001  L $$aVuolas, Mervi,$$ekirjoittaja,$$etoimittaja.
013618879 7001  L $$aKatajamäki, Päivi,$$ekirjoittaja,$$etoimittaja.
013618879 7001  L $$aHyrynsalmi, Sonja,$$ekirjoittaja.
013618879 7001  L $$aKeva, Tero,$$ekirjoittaja.
013618879 7001  L $$aKyynäräinen, Niko,$$ekirjoittaja.
013618879 7001  L $$aPutkonen, Ari,$$d1960-$$0(FIN11)000141385$$ekirjoittaja.
013618879 7001  L $$aVainio, Johanna,$$ekirjoittaja.
013618879 7102  L $$aTurun ammattikorkeakoulu.$$0(FIN11)000014624
013618879 77608 L $$iPainettu:$$z978-952-216-662-3$$9FENNI<KEEP>
013618879 830 0 L $$aTurun ammattikorkeakoulun raportteja,$$x1459-7764 ;$$v243.
013618879 85640 L $$uhttp://julkaisut.turkuamk.fi/isbn9789522166630.pdf$$yLinkki verkkoaineistoon$$9FENNI<DROP>
013618879 85640 L $$uhttp://urn.fi/URN:ISBN:978-952-216-663-0$$zKäytettävissä vapaakappalekirjastoissa$$5FENNI
013618879 CAT   L $$aAURA4004$$b30$$c20180820$$lFIN01$$h1518
013618879 CAT   L $$aAURA4004$$b30$$c20180820$$lFIN01$$h1525
013618879 CAT   L $$aFENNI4001$$b30$$c20190103$$lFIN01$$h0948
013618879 901   L $$aSU20190103$$5FENNI
013618879 LOW   L $$aAURA
013618879 LOW   L $$aFENNI
