013618906 FMT   L BK
013618906 LDR   L 00000cam^a22^^^^^^i^4500
013618906 001   L 013618906
013618906 005   L 20190103101252.0
013618906 007   L cr|||^||||||||
013618906 008   L 180820s2018^^^^fi^a^^^^o^^^^^000^0^eng|^
013618906 020   L $$a978-952-216-675-3$$qPDF
013618906 040   L $$aFI-Tua$$bfin$$erda$$dFI-NL
013618906 0410  L $$aeng
013618906 042   L $$afinb
013618906 0801  L $$a654$$21974/fin/fennica$$9FENNI<KEEP>
013618906 0801  L $$a621.39$$21974/fin/fennica$$9FENNI<KEEP>
013618906 1001  L $$aJalonen, Harri,$$ekirjoittaja.
013618906 24510 L $$aEnabling co-creation through Twitter :$$ba guidebook for research project communication /$$cHarri Jalonen & Jussi Kokkola.
013618906 264 1 L $$aTurku :$$bTurun ammattikorkeakoulu,$$c2018.
013618906 300   L $$a1 verkkoaineisto (34 sivua) :$$bkuvitettu
013618906 336   L $$ateksti$$btxt$$2rdacontent
013618906 337   L $$atietokonekäyttöinen$$bc$$2rdamedia
013618906 338   L $$averkkoaineisto$$bcr$$2rdacarrier
013618906 4901  L $$aCourse Material from Turku University of Applied Sciences,$$x1796-9972 ;$$v114
013618906 5060  L $$aAineisto on vapaasti saatavissa$$fUnrestricted online access$$2star
013618906 5061  L $$aAineisto on käytettävissä vapaakappalekirjastoissa.$$fOnline access with authorization.$$2star$$5FI-Vapaa$$9FENNI<KEEP>
013618906 540   L $$aAineisto on käytettävissä tutkimus- ja muihin tarkoituksiin;$$bKansalliskirjasto;$$cLaki kulttuuriaineistojen tallettamisesta ja säilyttämisestä$$uhttp://www.finlex.fi/fi/laki/ajantasa/2007/20071433$$5FI-Vapaa$$9FENNI<KEEP>
013618906 588   L $$aKuvailu verkkoaineistosta 20.8.2018.
013618906 650 7 L $$asosiaalinen media$$2ysa$$9FENNI<KEEP>
013618906 650 7 L $$aTwitter$$2ysa$$9FENNI<KEEP>
013618906 650 7 L $$aviestintä$$2ysa$$9FENNI<KEEP>
013618906 650 7 L $$atutkimusprojektit$$2ysa$$9FENNI<KEEP>
013618906 650 7 L $$ayhteistyö$$2ysa$$9FENNI<KEEP>
013618906 655 7 L $$aoppaat (teokset)$$2ysa$$9FENNI<KEEP>
013618906 7001  L $$aKokkola, Jussi,$$ekirjoittaja.
013618906 7102  L $$aTurun ammattikorkeakoulu.$$0(FIN11)000014624
013618906 830 0 L $$aTurun ammattikorkeakoulun oppimateriaaleja,$$x1796-9972 ;$$v114.
013618906 85640 L $$uhttp://julkaisut.turkuamk.fi/isbn9789522166753.pdf$$yLinkki verkkoaineistoon$$9FENNI<DROP>
013618906 85640 L $$uhttp://urn.fi/URN:ISBN:978-952-216-675-3$$zKäytettävissä vapaakappalekirjastoissa$$5FENNI
013618906 CAT   L $$aAURA4004$$b30$$c20180820$$lFIN01$$h1531
013618906 CAT   L $$aFENNI4001$$b30$$c20190103$$lFIN01$$h1012
013618906 901   L $$aSU20190103$$5FENNI
013618906 LOW   L $$aAURA
013618906 LOW   L $$aFENNI
