013781538 FMT   L BK
013781538 LDR   L 00000cam^a22^^^^^^i^4500
013781538 001   L 013781538
013781538 005   L 20190109142724.0
013781538 007   L cr|||^||||||||
013781538 008   L 180824s2018^^^^fi^||||^o^^^^|00|^0|fin|^
013781538 020   L $$a978-952-328-092-2$$qPDF
013781538 040   L $$aFI-Humak$$bfin$$erda$$dFI-NL
013781538 0410  L $$afin
013781538 042   L $$afinb
013781538 0801  L $$a008$$21974/fin/fennica$$9FENNI<KEEP>
013781538 084   L $$a38.4$$2ykl
013781538 084   L $$a06$$2ykl$$9FENNI<KEEP>
013781538 24500 L $$aKutu Yamk :$$bkulttuurituotannosta kirjoitettua 2018 /$$cPia Strandman & Pekka Vartiainen (toim.).
013781538 24630 L $$aKulttuurituotannosta kirjoitettua 2018
013781538 264 1 L $$a[Helsinki] :$$bKulttuurituotanto Ylempi AMK-tutkinto / Humanistinen ammattikorkeakoulu, Metropolia Ammattikorkeakoulu,$$c2018.
013781538 300   L $$a1 verkkoaineisto (57 sivua) :$$bkuvitettu
013781538 336   L $$ateksti$$btxt$$2rdacontent
013781538 337   L $$atietokonekäyttöinen$$bc$$2rdamedia
013781538 338   L $$averkkoaineisto$$bcr$$2rdacarrier
013781538 500   L $$aToimittajat myös kirjoittajia.$$9FENNI<KEEP>
013781538 5061  L $$aAineisto on käytettävissä vapaakappalekirjastoissa.$$fOnline access with authorization.$$2star$$5FI-Vapaa$$9FENNI<KEEP>
013781538 540   L $$aAineisto on käytettävissä tutkimus- ja muihin tarkoituksiin;$$bKansalliskirjasto;$$cLaki kulttuuriaineistojen tallettamisesta ja säilyttämisestä$$uhttp://www.finlex.fi/fi/laki/ajantasa/2007/20071433$$5FI-Vapaa$$9FENNI<KEEP>
013781538 650 7 L $$aylemmät ammattikorkeakoulututkinnot$$2ysa
013781538 650 7 L $$akulttuurituotanto$$2ysa$$9FENNI<KEEP>
013781538 650 7 L $$akulttuuriala$$2ysa$$9FENNI<KEEP>
013781538 650 7 L $$akulttuuripalvelut$$2ysa$$9FENNI<KEEP>
013781538 650 7 L $$akehittäminen$$2ysa$$9FENNI<KEEP>
013781538 650 7 L $$akulttuurituottajat$$2ysa
013781538 650 7 L $$aopinnäytteet$$2ysa
013781538 7001  L $$aStrandman, Pia,$$d1958-$$0(FIN11)000151206$$etoimittaja,$$ekirjoittaja.
013781538 7001  L $$aVartiainen, Pekka,$$d1960-$$0(FIN11)000111772$$etoimittaja,$$ekirjoittaja.
013781538 7102  L $$aHumanistinen ammattikorkeakoulu.$$0(FIN11)000031738
013781538 7102  L $$aMetropolia Ammattikorkeakoulu.$$0(FIN11)000026586
013781538 77608 L $$iPainettu:$$z9789523280939$$9FENNI<KEEP>
013781538 85640 L $$uhttp://urn.fi/URN:ISBN:978-952-328-092-2$$yLinkki verkkoaineistoon
013781538 85640 L $$uhttp://urn.fi/URN:ISBN:978-952-328-092-2$$zKäytettävissä vapaakappalekirjastoissa$$5FENNI
013781538 CAT   L $$aHURMA4009$$b30$$c20180824$$lFIN01$$h1056
013781538 CAT   L $$aFENNI4001$$b30$$c20190109$$lFIN01$$h1427
013781538 901   L $$aSU20190109$$5FENNI
013781538 LOW   L $$aHURMA
013781538 LOW   L $$aFENNI
