014441510 FMT   L BK
014441510 LDR   L 00000cam^a22006374i^4500
014441510 001   L 014441510
014441510 005   L 20190221151855.0
014441510 006   L m|||||o||d||||||||
014441510 007   L cr|||||||||a||
014441510 008   L 181011s2018^^^^fi^|||||om^^^|||||||fin||
014441510 020   L $$a978-952-62-2069-7$$qPDF
014441510 040   L $$aFI-O$$bfin$$erda$$dFI-NL
014441510 0410  L $$afin$$bsme$$beng
014441510 1001  L $$aMagga, Sigga-Marja,$$d1968-$$ekirjoittaja.$$0(FIN11)000184180
014441510 24510 L $$aSaamelainen käsityö yhtenäisyyden rakentajana :$$bduodjin normit ja brändit /$$cSigga-Marja Magga.
014441510 264 1 L $$aOulu :$$bOulun yliopisto,$$c2018.
014441510 300   L $$a1 verkkoaineisto (92 sivua)
014441510 336   L $$ateksti$$btxt$$2rdacontent
014441510 337   L $$atietokonekäyttöinen$$bc$$2rdamedia
014441510 338   L $$averkkoaineisto$$bcr$$2rdacarrier
014441510 4901  L $$aActa Universitatis Ouluensis. B, Humaniora,$$x1796-2218 ;$$v166
014441510 500   L $$aArtikkeliväitöskirjan yhteenveto-osa.$$9FENNI<KEEP>
014441510 502   L $$aVäitöskirja :$$cOulun yliopisto, Oulun yliopiston tutkijakoulu, humanistinen tiedekunta, Giellagas-instituutti, Saamelainen kulttuuri,$$d2018.$$9FENNI<KEEP>
014441510 520   L $$aSámi handicrafts as the builder of unity : The norms and brands of the duodji.$$9FENNI<KEEP>
014441510 520   L $$aThis dissertation looks into the meanings of the duodji, Sámi handicrafts. The study approaches duodji as an institution that regulates, defines, and produces the meanings of the duodji in different ways. The research material – Sámi Parliament Statements, Committee Memorandums, Craftsmen's Seminar Speeches, and Interviews with Duodji Entrepreneurs – are interpreted by means of discourse analysis. The theoretical framework is social constructivism, which is tangibly defined by the concepts of social norms and commercial branding. The research questions are how the duodji institution is built and how it produces the meanings of the duodji, and how the norms and brands of duodji work in this process. The aim is to find out the role of duodji as a mirror and interpreter of the Sámi society and to explore how the Sámi political and economic phenomena are reflected in the meanings of the Duodji.The research shows that in the 1970s a discursive shift was taking place in the duodji, whereby the duodji was incorporated into the Sámi ethnic politics and it became strongly institutionalized. As a consequence, the continuous meaning negotiations of the duodji are the core of the existence of the duodji institution. The formal duodji institution seeks to produce representative and meaningful duodji through, inter alia, duodji picture books and public statements concerning handicrafts. As a social institution, duodji is linked to social norms and their control. The control of norms is not so much the subject of duodji authenticity, but the power relations within the Sámi social interaction. The commercial duodji institution builds brands that utilise norms and norm control as well as representational duodji discourses.
014441510 520   L $$aVäitöskirjan aiheena on duodjin eli saamelaisen käsityön merkitykset. Tutkimuksessa duodjia lähestytään instituutiona, joka säätelee, määrittelee ja tuottaa duodjin merkityksiä eri tavoin. Tutkimusaineistoa eli saamelaiskäräjälausuntoja, komiteamietintöjä, käsityöntekijöiden seminaaripuheenvuoroja ja duodjiyrittäjien haastatteluja tulkitaan diskurssinalyysin keinoin. Teoreettisena viitekehyksenä on sosiaalinen konstruktionismi, jota konkretisoidaan sosiaalisen normin ja kaupallisen brändin käsitteillä. Tutkimuksessa kysytään, miten duodji-instituutio rakentuu, miten se tuottaa duodjin merkityksiä sekä miten duodjin normit ja brändit toimivat tässä prosessissa. Tavoitteena on selvittää duodjin roolia saamelaisen yhteiskunnan peilinä ja tulkkina sekä tutkia, miten saamelaisten poliittiset ja taloudelliset ilmiöt heijastuvat duodjin merkityksissä.Tutkimuksessa käy ilmi, että 1970-luvulla duodjin kohdalla tapahtui diskursiivinen käänne: duodji otettiin osaksi saamelaista etnopolitiikkaa ja se myös institutionalisoitui voimakkaasti. Käänteen seurauksena duodjista käydään jatkuvaa merkityskamppailua. Muodollinen duodji-instituutio pyrkii tuottamaan edustuksellista ja merkityksiltään yhtenäistä duodjia muun muassa duodjin kuvakirjojen ja käsityötä koskevien julkisten lausuntojen kautta. Sosiaalisena instituutiona duodji kytkeytyy sosiaalisiin normeihin ja niiden kontrollointiin. Normikontrolli ei niinkään kohdistu duodjin aitouteen, vaan valtasuhteisiin saamelaisten sosiaalisessa vuorovaikutuksessa. Kaupallinen duodji-instituutio rakentaa brändejä, jotka hyödyntävät normeja ja normikontrollia sekä edustuksellisen duodjin diskursseja.
014441510 520   L $$aSápmelaš duodji oktilašvuođa huksejeaddjin : Duoji norpmat ja bránddat.$$9FENNI<KEEP>
014441510 520   L $$aNákkosgirjji fáddán leat duoji mearkkašumit. Dutkamuš lahkona duoji institušuvdnan, mii mudde, meroštallá ja buvttada duoji mearkkašumiid sierra vugiiguin. Dutkanmateriála nugo sámediggecealkámušat, kommišuvnnasmiehttamušat, duojáriid seminárasáhkavuorut ja duodjefitnodatdolliid jearahallamat dulkojuvvojit diskursaanalysa vugiiguin. Teorehtalaš refereansarápma lea sosiála konstruktionisma, man sosiála norpma ja gávppálaš brándda doahpagat konkretiserejit. Dutkamuš jearrá, mot duodji institušuvdnan šaddá ja mot dat buvttada duoji mearkkašumiid ja mot duoji norpmat ja bránddat doibmet dan proseassas. Ulbmilin lea čielggadit duoji rolla sámeservodaga speadjalin ja dulkan ja dutkat mot sápmelaččaid politihkalaš ja ekonomalaš ihtagat huksejit duoji mearkkašumiid.Dutkamušas boahtá ovdan ahte 1970-logus dáhpáhuvai duoji buohta diskursiiva nuppástus, goas duodji váldojuvvui sámi etnopolitihka oassin ja dat sakka gievrrui instituhttan. Dan dihte duodji-institušuvnna guovddážis leat leamašan geažos áigge ráđđádallamat duoji mearkkašumiin. Duodji formála institušuvdnan viggá buvttadit ebmos ja mearkkašumiid dáfus oktilaš duoji earret eará duodjegovvagirjjiid ja duodjái guoskevaš almmolaš cealkámušaid bokte. Duodji sosiála institušuvdnan laktása sosiála norpmaide ja daid kontrolleremii. Norbmakontrolla ii nuge čuoza duoji eaktivuhtii muhto sápmelaččaid váldegaskavuođaide vuorrováikkuhusas. Duodji gávppálaš institušuvdna hukse bránddaid, mat atnet ávkin norpmaid ja norbmakontrolla ja epmoš duoji diskurssaid.
014441510 530   L $$aYhteenveto-osa ja 3 eripainosta julkaistu myös painettuna.
014441510 653   L $$apower
014441510 653   L $$aSámi handicraft
014441510 653   L $$anorm control
014441510 653   L $$anorm
014441510 653   L $$aduodji institute
014441510 653   L $$aduodji
014441510 653   L $$adiscursive shift
014441510 653   L $$abrand
014441510 653   L $$avalta
014441510 653   L $$asaamelainen käsityö
014441510 653   L $$anormikontrolli
014441510 653   L $$anormi
014441510 653   L $$aduodji-instituutio
014441510 653   L $$aduodji
014441510 653   L $$adiskursiivinen käänne
014441510 653   L $$abrändi
014441510 653   L $$aváldi
014441510 653   L $$asámi duodji
014441510 653   L $$anorbmakontrolla
014441510 653   L $$anorbma
014441510 653   L $$aduodji-institušuvdna
014441510 653   L $$aduodji
014441510 653   L $$adiskursiiva nuppástus
014441510 653   L $$abránda
014441510 655 7 L $$aväitöskirjat$$2ysa
014441510 77608 L $$iPainettu:$$z978-952-62-2068-0$$9FENNI<KEEP>
014441510 830 0 L $$aActa Universitatis Ouluensis.$$nB,$$nHumaniora,$$x1796-2218 ;$$v166.
014441510 85640 L $$uhttp://urn.fi/urn:isbn:9789526220697$$qPDF ja HTML$$yLinkki verkkoaineistoon
014441510 CAT   L $$aO1003$$b30$$c20181011$$lFIN01$$h1012
014441510 CAT   L $$aO1003$$b30$$c20181018$$lFIN01$$h1112
014441510 CAT   L $$aO1001$$b30$$c20190219$$lFIN01$$h1536
014441510 CAT   L $$aO1001$$b30$$c20190219$$lFIN01$$h1539
014441510 CAT   L $$aO1001$$b30$$c20190219$$lFIN01$$h1539
014441510 CAT   L $$aFENNI40010$$b30$$c20190221$$lFIN01$$h1518
014441510 901   L $$aSU2019$$5FENNI
014441510 LOW   L $$aOULA
014441510 LOW   L $$aFENNI
