014677541 FMT   L BK
014677541 LDR   L 00000cam^a22^^^^^^i^4500
014677541 001   L 014677541
014677541 005   L 20190206173907.0
014677541 007   L cr|||^||||||||
014677541 008   L 181114s2018^^^^fi^||||^o^^^^||0|^0|fin|^
014677541 020   L $$a978-952-328-081-6$$qPDF
014677541 040   L $$aFI-Oamk$$bfin$$erda$$dFI-NL
014677541 0410  L $$afin$$aeng
014677541 042   L $$afinb
014677541 0801  L $$a314$$21974/fin/fennica$$9FENNI<KEEP>
014677541 0801  L $$a378$$21974/fin/fennica$$9FENNI<KEEP>
014677541 084   L $$a38.4$$2ykl
014677541 24500 L $$aOsaamisella ei ole rajoja :$$bvastuukorkeakoulutoiminta maahanmuuttajien integraation tukena Suomessa : artikkelikokoelma /$$ctoim. Heidi Stenberg, Marianne Autero, Elina Ala-Nikkola ; kirjoittajat: Heidi Stenberg [ja 20 muuta].
014677541 24630 L $$iAlanimeke kannessa:$$aVastuukorkeakoulutoiminta tukee maahanmuuttajien integroitumista Suomessa
014677541 24630 L $$aVastuukorkeakoulutoiminta maahanmuuttajien integraation tukena Suomessa
014677541 264 1 L $$a[Helsinki] :$$bMetropolia Ammattikorkeakoulu,$$c2018.
014677541 300   L $$a1 verkkoaineisto (127 sivua)
014677541 336   L $$ateksti$$btxt$$2rdacontent
014677541 337   L $$atietokonekäyttöinen$$bc$$2rdamedia
014677541 338   L $$averkkoaineisto$$bcr$$2rdacarrier
014677541 4901  L $$aTaito-työelämäkirjat,$$x1799-6007 ;$$v17
014677541 500   L $$aToimittaja Marianne Autero myös kirjoittaja.$$9FENNI<KEEP>
014677541 5061  L $$aAineisto on käytettävissä vapaakappalekirjastoissa.$$fOnline access with authorization$$2star$$5FI-Vapaa$$9FENNI<KEEP>
014677541 540   L $$aAineisto on käytettävissä tutkimus- ja muihin tarkoituksiin;$$bKansalliskirjasto;$$claki kulttuuriaineistojen tallettamisesta ja säilyttämisestä$$uhttp://www.finlex.fi/fi/laki/ajantasa/2007/20071433$$5FI-Vapaa$$9FENNI<KEEP>
014677541 650 7 L $$amaahanmuuttajat$$2ysa$$9FENNI<KEEP>
014677541 650 7 L $$aturvapaikanhakijat$$2ysa$$9FENNI<KEEP>
014677541 650 7 L $$apakolaiset$$2ysa$$9FENNI<KEEP>
014677541 650 7 L $$akoulutus$$2ysa$$9FENNI<KEEP>
014677541 650 7 L $$akorkea-asteen koulutus$$2ysa$$9FENNI<KEEP>
014677541 650 7 L $$akorkeakoulutetut$$2ysa$$9FENNI<KEEP>
014677541 650 7 L $$aosaaminen$$2ysa$$9FENNI<KEEP>
014677541 650 7 L $$atyöllisyys$$2ysa$$9FENNI<KEEP>
014677541 650 7 L $$aopinnot$$2ysa$$9FENNI<KEEP>
014677541 650 7 L $$akorkeakoulut$$2ysa$$9FENNI<KEEP>
014677541 7001  L $$aStenberg, Heidi,$$etoimittaja,$$ekirjoittaja.
014677541 7001  L $$aAutero, Marianne,$$etoimittaja,$$ekirjoittaja.
014677541 7001  L $$aAla-Nikkola, Elina,$$etoimittaja.$$0(FIN11)000166040
014677541 7102  L $$aMetropolia ammattikorkeakoulu,$$ejulkaisija.$$0(FIN11)000026586
014677541 77608 L $$iPainettu:$$z9789523280823$$9FENNI<KEEP>
014677541 830 0 L $$aTaito-työelämäkirjat,$$x1799-6007 ;$$v17.
014677541 85640 L $$uhttp://urn.fi/URN:ISBN:978-952-328-081-6$$zKäytettävissä vapaakappalekirjastoissa$$5FENNI
014677541 85640 L $$uhttp://urn.fi/URN:ISBN:978-952-328-081-6$$yLinkki verkkoaineistoon
014677541 CAT   L $$aOAMK1001$$b30$$c20181114$$lFIN01$$h1351
014677541 CAT   L $$aOAMK1001$$b30$$c20181114$$lFIN01$$h1408
014677541 CAT   L $$aOAMK1001$$b30$$c20181114$$lFIN01$$h1446
014677541 CAT   L $$aOAMK1001$$b30$$c20181114$$lFIN01$$h1454
014677541 CAT   L $$aOAMK1001$$b30$$c20181114$$lFIN01$$h1455
014677541 CAT   L $$aFENNI4005$$b30$$c20190103$$lFIN01$$h1345
014677541 CAT   L $$aFENNI4005$$b30$$c20190103$$lFIN01$$h1346
014677541 CAT   L $$aFENNI4005$$b30$$c20190103$$lFIN01$$h1352
014677541 CAT   L $$aFENNI40038$$b30$$c20190206$$lFIN01$$h1739
014677541 901   L $$aSU20190206$$5FENNI
014677541 LOW   L $$aOAMK
014677541 LOW   L $$aFENNI
