015277740 FMT   L BK
015277740 LDR   L 00000cam^a2200553^i^4500
015277740 001   L 015277740
015277740 005   L 20190103092151.0
015277740 007   L cr||||||||||||
015277740 008   L 190103s2018^^^^fi^|||||o^^^^^00|^0|fin|^
015277740 020   L $$a978-952-328-077-9$$qPDF
015277740 040   L $$aFI-NL$$bfin$$erda
015277740 0410  L $$afin
015277740 042   L $$afinb
015277740 080   L $$a377$$21974/fin/fennica$$9FENNI<KEEP>
015277740 0801  L $$a378$$21974/fin/fennica$$9FENNI<KEEP>
015277740 080   L $$a677+687$$21974/fin/fennica$$9FENNI<KEEP>
015277740 0801  L $$a004$$21974/fin/fennica$$9FENNI<KEEP>
015277740 084   L $$a38.542$$2ykl$$9FENNI<KEEP>
015277740 24500 L $$aVaatetusalan tietotekniikkataidot toisen asteen opettajille /$$ctoimittanut Marja Amgwerd ; [artikkelien] kirjoittajat: Marja Amgwerd, Seija Isopahkala, Anne Karlsson, Airi Kylli, Paul Nyström, Irmeli Raitanen, Gunilla Sandvik, Sirpa Sivander, Minna Tuohimaa, Eija Vajavaara.
015277740 264 1 L $$a[Helsinki] :$$bMetropolia ammattikorkeakoulu,$$c2018.
015277740 300   L $$a1 verkkoaineisto (57 sivua) :$$bkuvitettu
015277740 336   L $$ateksti$$btxt$$2rdacontent
015277740 337   L $$atietokonekäyttöinen$$bc$$2rdamedia
015277740 338   L $$averkkoaineisto$$bcr$$2rdacarrier
015277740 5061  L $$aAineisto on käytettävissä vapaakappalekirjastoissa.$$fOnline access with authorization$$2star$$5FI-Vapaa$$9FENNI<KEEP>
015277740 540   L $$aAineisto on käytettävissä tutkimus- ja muihin tarkoituksiin;$$bKansalliskirjasto;$$claki kulttuuriaineistojen tallettamisesta ja säilyttämisestä$$uhttp://www.finlex.fi/fi/laki/ajantasa/2007/20071433$$5FI-Vapaa$$9FENNI<KEEP>
015277740 546   L $$aYksi artikkeli ruotsiksi.$$9FENNI<KEEP>
015277740 650 7 L $$avaatetusala$$2ysa$$9FENNI<KEEP>
015277740 650 7 L $$atekstiiliala$$2ysa$$9FENNI<KEEP>
015277740 650 7 L $$aopettajat$$2ysa$$9FENNI<KEEP>
015277740 650 7 L $$aammatillisten opintojen opettajat$$2ysa$$9FENNI<KEEP>
015277740 650 7 L $$atoisen asteen koulutus$$2ysa$$9FENNI<KEEP>
015277740 650 7 L $$atietotekniikka$$2ysa$$9FENNI<KEEP>
015277740 650 7 L $$adigitalisaatio$$2ysa$$9FENNI<KEEP>
015277740 650 7 L $$aosaaminen$$2ysa$$9FENNI<KEEP>
015277740 650 7 L $$aammattitaito$$2ysa$$9FENNI<KEEP>
015277740 7001  L $$aAmgwerd, Marja,$$d1953-$$etoimittaja.$$0(FIN11)000182970
015277740 7001  L $$aIsopahkala, Seija,$$ekirjoittaja.
015277740 7001  L $$aKarlsson, Anne,$$ekirjoittaja.
015277740 7001  L $$aKylli, Airi,$$d1960-$$ekirjoittaja.$$0(FIN11)000182978
015277740 7001  L $$aNyström, Paul,$$ekirjoittaja.
015277740 7001  L $$aRaitanen, Irmeli,$$ekirjoittaja.
015277740 7001  L $$aSandvik, Gunilla,$$ekirjoittaja.
015277740 7001  L $$aSivander, Sirpa,$$ekirjoittaja.
015277740 7001  L $$aTuohimaa, Minna,$$ekirjoittaja.
015277740 7001  L $$aVajavaara, Eija,$$d1960-$$ekirjoittaja.$$0(FIN11)000113171
015277740 7102  L $$aMetropolia Ammattikorkeakoulu$$0(FIN11)000026586
015277740 77608 L $$iPainettu:$$z978-952-328-076-2$$9FENNI<KEEP>
015277740 85640 L $$uhttp://urn.fi/URN:ISBN:978-952-328-077-9$$yLinkki verkkoaineistoon
015277740 85640 L $$uhttp://urn.fi/URN:ISBN:978-952-328-077-9$$zKäytettävissä vapaakappalekirjastoissa$$5FENNI
015277740 CAT   L $$aFENNI4001$$b30$$c20190103$$lFIN01$$h0921
015277740 901   L $$aSU20190103$$5FENNI
015277740 LOW   L $$aFENNI
