015278305 FMT   L BK
015278305 LDR   L 00000cam^a2200865^i^4500
015278305 001   L 015278305
015278305 005   L 20190205160753.0
015278305 007   L cr^|||||||||||
015278305 008   L 190103s2018^^^^fi^|||||o^^^^^|0|^0^fin|^
015278305 020   L $$a978-952-328-119-6$$qPDF
015278305 040   L $$aFI-NL$$bfin$$erda
015278305 0410  L $$afin
015278305 042   L $$afinb
015278305 0801  L $$a377$$21974/fin/fennica$$9FENNI<KEEP>
015278305 0801  L $$a378$$21974/fin/fennica$$9FENNI<KEEP>
015278305 1001  L $$aTalman, Kirsi,$$d1977-$$ekirjoittaja.$$0(FIN11)000146260
015278305 24510 L $$aAmmattikorkeakoulujen uuden digitaalisen valintakokeen kehittäminen :$$bmäärittelyvaiheen tulokset : tutkimusraportti /$$cKirsi Talman [ja kolme muuta].
015278305 264 1 L $$a[Helsinki] :$$bMetropolia Ammattikorkeakoulu,$$c2018.
015278305 300   L $$a1 verkkoaineisto (80 sivua)
015278305 336   L $$ateksti$$btxt$$2rdacontent
015278305 337   L $$atietokonekäyttöinen$$bc$$2rdamedia
015278305 338   L $$averkkoaineisto$$bcr$$2rdacarrier
015278305 4901  L $$aAatos-artikkelit,$$x1799-604X ;$$v22
015278305 5061  L $$aAineisto on käytettävissä vapaakappalekirjastoissa.$$fOnline access with authorization$$2star$$5FI-Vapaa$$9FENNI<KEEP>
015278305 540   L $$aAineisto on käytettävissä tutkimus- ja muihin tarkoituksiin;$$bKansalliskirjasto;$$claki kulttuuriaineistojen tallettamisesta ja säilyttämisestä$$uhttp://www.finlex.fi/fi/laki/ajantasa/2007/20071433$$5FI-Vapaa$$9FENNI<KEEP>
015278305 567   L $$bkyselytutkimus$$2ysa$$9FENNI<KEEP>
015278305 567   L $$bdelfoimenetelmä$$2ysa$$9FENNI<KEEP>
015278305 567   L $$akirjallisuuskatsaus$$9FENNI<KEEP>
015278305 650 7 L $$aammattikorkeakoulut$$2ysa$$9FENNI<KEEP>
015278305 650 7 L $$aopiskelijavalinnat$$2ysa$$9FENNI<KEEP>
015278305 650 7 L $$apääsykokeet$$2ysa$$9FENNI<KEEP>
015278305 7001  L $$aBorodavkin, Marko,$$ekirjoittaja.
015278305 7001  L $$aKanerva, Anna-Maria,$$ekirjoittaja.
015278305 7001  L $$aHaavisto, Elina,$$ekirjoittaja.
015278305 7102  L $$aMetropolia ammattikorkeakoulu,$$ejulkaisija.$$0(FIN11)000026586
015278305 830 0 L $$aAatos-artikkelit,$$x1799-604X ;$$v22.
015278305 85640 L $$uhttp://urn.fi/URN:ISBN:978-952-328-119-6$$zKäytettävissä vapaakappalekirjastoissa$$5FENNI
015278305 85640 L $$uhttp://urn.fi/URN:ISBN:978-952-328-119-6$$yLinkki verkkoaineistoon
015278305 CAT   L $$aFENNI4005$$b30$$c20190103$$lFIN01$$h1403
015278305 CAT   L $$aFENNI40038$$b30$$c20190205$$lFIN01$$h1607
015278305 901   L $$aSU20190205$$5FENNI
015278305 LOW   L $$aFENNI
