015278336 FMT   L BK
015278336 LDR   L 00000cam^a2200865^i^4500
015278336 001   L 015278336
015278336 005   L 20190107154636.0
015278336 007   L cr^|||||||||||
015278336 008   L 190103s2018^^^^fi^|||||o^^^^^|0|^0^fin|^
015278336 020   L $$a978-952-328-097-7$$qPDF
015278336 040   L $$aFI-NL$$bfin$$erda
015278336 0410  L $$afin
015278336 042   L $$afinb
015278336 0801  L $$a793/794$$21974/fin/fennica$$9FENNI<KEEP>
015278336 24500 L $$aOdottamattomia aarteita :$$bilmaisua, leikillisyyttä ja luovaa toimintaa ryhmässä /$$cLaura Huhtinen-Hildén ja Minna Lamppu (toim.) ; valokuvat: Sini Pennanen ; kirjoittajat: Laura Huhtinen-Hildén [ja kolme muuta].
015278336 264 1 L $$a[Helsinki] :$$bMetropolia,$$c2018.
015278336 300   L $$a1 verkkoaineisto (85 sivua)
015278336 336   L $$ateksti$$btxt$$2rdacontent
015278336 337   L $$atietokonekäyttöinen$$bc$$2rdamedia
015278336 338   L $$averkkoaineisto$$bcr$$2rdacarrier
015278336 500   L $$aToimittajat myös kirjoittajia.$$9FENNI<KEEP>
015278336 5061  L $$aAineisto on käytettävissä vapaakappalekirjastoissa.$$fOnline access with authorization$$2star$$5FI-Vapaa$$9FENNI<KEEP>
015278336 540   L $$aAineisto on käytettävissä tutkimus- ja muihin tarkoituksiin;$$bKansalliskirjasto;$$claki kulttuuriaineistojen tallettamisesta ja säilyttämisestä$$uhttp://www.finlex.fi/fi/laki/ajantasa/2007/20071433$$5FI-Vapaa$$9FENNI<KEEP>
015278336 650 7 L $$aryhmätoiminta$$2ysa$$9FENNI<KEEP>
015278336 650 7 L $$aluova toiminta$$2ysa$$9FENNI<KEEP>
015278336 650 7 L $$atoiminnalliset menetelmät$$2ysa$$9FENNI<KEEP>
015278336 650 7 L $$aleikki$$2ysa$$9FENNI<KEEP>
015278336 650 7 L $$ailmaisu$$2ysa$$9FENNI<KEEP>
015278336 650 7 L $$avuorovaikutus$$2ysa$$9FENNI<KEEP>
015278336 650 7 L $$asosiaalinen kuntoutus$$2ysa$$9FENNI<KEEP>
015278336 7001  L $$aHuhtinen-Hildén, Laura,$$d1970-$$etoimittaja,$$ekirjoittaja.$$0(FIN11)000140484
015278336 7001  L $$aLamppu, Minna,$$etoimittaja,$$ekirjoittaja.
015278336 7001  L $$aIsola, Anna-Maria,$$d1977-$$ekirjoittaja.$$0(FIN11)000150814
015278336 7001  L $$aRahmel, Päivi,$$ekirjoittaja.
015278336 7102  L $$aMetropolia ammattikorkeakoulu,$$ejulkaisija.$$0(FIN11)000026586
015278336 77608 L $$iPainettu:$$z978-952-328-098-4$$9FENNI<KEEP>
015278336 85640 L $$uhttp://urn.fi/URN:ISBN:978-952-328-097-7$$zKäytettävissä vapaakappalekirjastoissa$$5FI-Vapaa
015278336 85640 L $$uhttp://urn.fi/URN:ISBN:978-952-328-097-7$$yLinkki verkkoaineistoon
015278336 CAT   L $$aFENNI4005$$b30$$c20190103$$lFIN01$$h1430
015278336 CAT   L $$aFENNI40038$$b30$$c20190107$$lFIN01$$h1546
015278336 901   L $$aSU20190107$$5FENNI
015278336 LOW   L $$aFENNI
