015278362 FMT   L BK
015278362 LDR   L 00000cam^a2200229^i^4500
015278362 001   L 015278362
015278362 005   L 20190107133859.0
015278362 007   L cr|||^||||||||
015278362 008   L 190103s2018^^^^fi^||||^o^^^^^|0|^0|fin|^
015278362 020   L $$a978-952-314-718-8$$qPDF
015278362 040   L $$aFI-NL$$bfin$$erda
015278362 0410  L $$afin
015278362 042   L $$afinb
015278362 0801  L $$a625$$21974/fin/fennica$$9FENNI<KEEP>
015278362 1001  L $$aLaitakari, Piritta,$$ekirjoittaja.
015278362 24510 L $$aValtatien 4 parantaminen Vaajakosken kohdalla, Jyväskylä :$$bhankearvioinnin päivitys /$$cPiritta Laitakari.
015278362 264 1 L $$aJyväskylä :$$bKeski-Suomen elinkeino-, liikenne- ja ympäristökeskus,$$c[2018]
015278362 300   L $$a1 verkkoaineisto (27 sivua) :$$bkuvitettu, karttoja
015278362 336   L $$ateksti$$btxt$$2rdacontent
015278362 337   L $$atietokonekäyttöinen$$bc$$2rdamedia
015278362 338   L $$averkkoaineisto$$bcr$$2rdacarrier
015278362 4901  L $$aRaportteja,$$x2242-2854 ;$$v2018, 43
015278362 500   L $$aLiitteitä.$$9FENNI<KEEP>
015278362 5061  L $$aAineisto on käytettävissä vapaakappalekirjastoissa.$$fOnline access with authorization.$$2star$$5FI-Vapaa$$9FENNI<KEEP>
015278362 540   L $$aAineisto on käytettävissä tutkimus- ja muihin tarkoituksiin;$$bKansalliskirjasto;$$cLaki kulttuuriaineistojen tallettamisesta ja säilyttämisestä$$uhttp://www.finlex.fi/fi/laki/ajantasa/2007/20071433$$5FI-Vapaa$$9FENNI<KEEP>
015278362 650 7 L $$avaltatiet$$2ysa$$9FENNI<KEEP>
015278362 650 7 L $$amoottoritiet$$2ysa$$9FENNI<KEEP>
015278362 650 7 L $$atienrakennus$$2ysa$$9FENNI<KEEP>
015278362 650 7 L $$arakennushankkeet$$2ysa$$9FENNI<KEEP>
015278362 651 7 L $$aValtatie 4$$2ysa$$9FENNI<KEEP>
015278362 651 7 L $$aKeski-Suomi$$2ysa$$9FENNI<KEEP>
015278362 651 7 L $$aVaajakoski$$2ysa$$9FENNI<KEEP>
015278362 7102  L $$aKeski-Suomen elinkeino-, liikenne- ja ympäristökeskus,$$ejulkaisija.$$0(FIN11)000037140
015278362 7301  L $$iJatkoa teokselle:$$aValtatien 4 parantaminen Vaajakosken kohdalla, Jyväskylä : yleissuunnitelma$$f2013
015278362 830 0 L $$aRaportteja / Elinkeino-, liikenne- ja ympäristökeskus,$$x2242-2854 ;$$v2018, 43.
015278362 85640 L $$uhttp://urn.fi/URN:ISBN:978-952-314-718-8$$yLinkki verkkoaineistoon
015278362 85640 L $$uhttp://urn.fi/URN:ISBN:978-952-314-718-8$$zKäytettävissä vapaakappalekirjastoissa$$5FI-Vapaa
015278362 CAT   L $$aFENNI4005$$b30$$c20190103$$lFIN01$$h1501
015278362 CAT   L $$aFENNI4005$$b30$$c20190103$$lFIN01$$h1512
015278362 CAT   L $$aFENNI4005$$b30$$c20190103$$lFIN01$$h1513
015278362 CAT   L $$aFENNI40038$$b30$$c20190107$$lFIN01$$h1338
015278362 901   L $$aSU20190107$$5FENNI
015278362 LOW   L $$aFENNI
