015283272 FMT   L BK
015283272 LDR   L 00000cam^a2200229^i^4500
015283272 001   L 015283272
015283272 005   L 20190110141830.0
015283272 007   L cr|||^||||||||
015283272 008   L 190110s2017^^^^fi^||||^o^^^^^|0|^0|fin|^
015283272 020   L $$a978-952-317-397-2$$qPDF
015283272 040   L $$aFI-NL$$bfin$$erda
015283272 0410  L $$afin$$beng
015283272 042   L $$afinb
015283272 0801  L $$a625$$21974/fin/fennica$$9FENNI<KEEP>
015283272 1001  L $$aVuorimies, Nuutti,$$d1968-$$0(FIN11)000121957$$ekirjoittaja.
015283272 24510 L $$aHydrofobisten koekohteiden seurannat vuoteen 2015 /$$cNuutti Vuorimies.
015283272 264 1 L $$aHelsinki :$$bLiikennevirasto,$$c2017.
015283272 300   L $$a1 verkkoaineisto (149 sivua + 8 numeroimatonta sivua) :$$bkuvitettu
015283272 336   L $$ateksti$$btxt$$2rdacontent
015283272 337   L $$atietokonekäyttöinen$$bc$$2rdamedia
015283272 338   L $$averkkoaineisto$$bcr$$2rdacarrier
015283272 4901  L $$aLiikenneviraston suunnitelmia,$$x1798-8225 ;$$v1/2017
015283272 5061  L $$aAineisto on käytettävissä vapaakappalekirjastoissa.$$fOnline access with authorization.$$2star$$5FI-Vapaa$$9FENNI<KEEP>
015283272 520   L $$aFollow-up of the hydrophobic test roads until year 2015.$$9FENNI<KEEP>
015283272 540   L $$aAineisto on käytettävissä tutkimus- ja muihin tarkoituksiin;$$bKansalliskirjasto;$$cLaki kulttuuriaineistojen tallettamisesta ja säilyttämisestä$$uhttp://www.finlex.fi/fi/laki/ajantasa/2007/20071433$$5FI-Vapaa$$9FENNI<KEEP>
015283272 650 7 L $$atiet$$2ysa$$9FENNI<KEEP>
015283272 650 7 L $$akelirikko$$2ysa$$9FENNI<KEEP>
015283272 650 7 L $$atienpäällysteet$$2ysa$$9FENNI<KEEP>
015283272 650 7 L $$akosteus$$2ysa$$9FENNI<KEEP>
015283272 650 7 L $$aseuranta$$2ysa$$9FENNI<KEEP>
015283272 7102  L $$aLiikennevirasto.$$0(FIN11)000035069
015283272 830 0 L $$aLiikenneviraston suunnitelmia,$$x1798-8225 ;$$v2017, 1.
015283272 85640 L $$uhttp://urn.fi/URN:978-952-317-397-2$$yLinkki verkkoaineistoon
015283272 85640 L $$uhttp://urn.fi/URN:ISBN:978-952-317-397-2$$zKäytettävissä vapaakappalekirjastoissa$$5FI-Vapaa
015283272 CAT   L $$aFENNI4001$$b30$$c20190110$$lFIN01$$h1418
015283272 901   L $$aSU20190110$$5FENNI
015283272 LOW   L $$aFENNI
