015283331 FMT   L BK
015283331 LDR   L 00000cam^a2200229^i^4500
015283331 001   L 015283331
015283331 005   L 20190110144700.0
015283331 007   L cr|||^||||||||
015283331 008   L 190110s2017^^^^fi^||||^o^^^^^|0|^0|fin|^
015283331 020   L $$a978-952-317-464-1$$qPDF
015283331 040   L $$aFI-NL$$bfin$$erda
015283331 0410  L $$afin
015283331 042   L $$afinb
015283331 0801  L $$a656$$21974/fin/fennica$$9FENNI<KEEP>
015283331 0801  L $$a625$$21974/fin/fennica$$9FENNI<KEEP>
015283331 1102  L $$aLiikennevirasto,$$ekirjoittaja.$$0(FIN11)000035069
015283331 24510 L $$aSeinäjoen ratapihan raiteiston käyttöselvitys.
015283331 264 1 L $$aHelsinki :$$bLiikennevirasto,$$c2017.
015283331 300   L $$a1 verkkoaineisto (37 sivua + 3 numeroimatonta sivua) :$$bkuvitettu, karttoja
015283331 336   L $$ateksti$$btxt$$2rdacontent
015283331 337   L $$atietokonekäyttöinen$$bc$$2rdamedia
015283331 338   L $$averkkoaineisto$$bcr$$2rdacarrier
015283331 5061  L $$aAineisto on käytettävissä vapaakappalekirjastoissa.$$fOnline access with authorization.$$2star$$5FI-Vapaa$$9FENNI<KEEP>
015283331 540   L $$aAineisto on käytettävissä tutkimus- ja muihin tarkoituksiin;$$bKansalliskirjasto;$$cLaki kulttuuriaineistojen tallettamisesta ja säilyttämisestä$$uhttp://www.finlex.fi/fi/laki/ajantasa/2007/20071433$$5FI-Vapaa$$9FENNI<KEEP>
015283331 650 7 L $$aratapihat$$2ysa$$9FENNI<KEEP>
015283331 650 7 L $$arautatiet$$2ysa$$9FENNI<KEEP>
015283331 650 7 L $$araiteet$$2ysa$$9FENNI<KEEP>
015283331 650 7 L $$akäyttö$$2ysa$$9FENNI<KEEP>
015283331 650 7 L $$arautatieliikenne$$2ysa$$9FENNI<KEEP>
015283331 650 7 L $$ahenkilöliikenne$$2ysa$$9FENNI<KEEP>
015283331 650 7 L $$atavaraliikenne$$2ysa$$9FENNI<KEEP>
015283331 651 7 L $$aSeinäjoki$$2ysa$$9FENNI<KEEP>
015283331 85640 L $$uhttp://urn.fi/URN:978-952-317-464-1$$yLinkki verkkoaineistoon
015283331 85640 L $$uhttp://urn.fi/URN:ISBN:978-952-317-464-1$$zKäytettävissä vapaakappalekirjastoissa$$5FI-Vapaa
015283331 CAT   L $$aFENNI4001$$b30$$c20190110$$lFIN01$$h1447
015283331 901   L $$aSU20190110$$5FENNI
015283331 LOW   L $$aFENNI
