015285390 FMT   L BK
015285390 LDR   L 00000cam^a2200817^i^4500
015285390 001   L 015285390
015285390 005   L 20190117130223.0
015285390 007   L cr||||||||||||
015285390 008   L 190114s2017^^^^sw^||||^o^^^^^00|^0|eng|^
015285390 020   L $$a978-91-87355-43-1$$qPDF$$qStockholm University
015285390 020   L $$a978-952-328-055-7$$qPDF$$qMetropolia University of Applied Sciences
015285390 035   L $$z(FI-MELINDA)012219744
015285390 035   L $$z(FI-MELINDA)015285386
015285390 035   L $$a(FI-MELINDA)015285390
015285390 040   L $$aFI-NL$$bfin$$erda
015285390 0410  L $$aeng
015285390 042   L $$afinb
015285390 0801  L $$a378$$21974/fin/fennica$$9FENNI<KEEP>
015285390 0801  L $$a502/504$$21974/fin/fennica$$9FENNI<KEEP>
015285390 0801  L $$a711$$21974/fin/fennica$$9FENNI<KEEP>
015285390 24500 L $$aDreams and seeds :$$bthe role of campuses in sustainable urban development /$$ceditors: Maria Schewenius, Päivi Keränen, Rawaf al Rawaf ; authors: Michael Hebbert [ja muita].
015285390 24630 L $$aRole of campuses in sustainable urban development
015285390 250   L $$a2nd edition.
015285390 264 1 L $$aStockholm :$$bStockholm Resilience Center ;$$a[Helsinki] :$$bMetropolia University of Applied Sciences,$$c[2017]
015285390 264 3 L $$c2017
015285390 300   L $$a1 verkkoaineisto (133 sivua) :$$bkuvitettu
015285390 336   L $$ateksti$$btxt$$2rdacontent
015285390 337   L $$atietokonekäyttöinen$$bc$$2rdamedia
015285390 338   L $$averkkoaineisto$$bcr$$2rdacarrier
015285390 500   L $$a'The book has been completed as part of the project Live Baltic campus - campus areas as labs for participatory urban design.'$$9FENNI<KEEP>
015285390 5050  L $$aCampus in the city context -- Design of planning campuses -- Design of built-up campus infrastructure -- Design of campus landscapes -- Design for the campus experience.$$9FENNI<KEEP>
015285390 5061  L $$aAineisto on käytettävissä vapaakappalekirjastoissa.$$fOnline access with authorization$$2star$$5FI-Vapaa$$9FENNI<KEEP>
015285390 5060  L $$aAineisto on vapaasti saatavissa.$$fUnrestricted online access$$2star
015285390 520   L $$aThe role of universities is changing, expanding from being purely education and research institutions towards one of being active partners in local and regional urban development. As incubators for knowledge development, critical thinking, and innovations, universities and campuses are becoming increasingly important for identifying, designing, and implementing pathways to sustainable urban development. The project Live Baltic Campus has explored how university campuses can serve as local living labs and guides for new planning and design approaches. The project has aimed to build capacity in urban planning and design to harness the potential of changing social, ecological and financial contexts. Six higher education institutes in cities around the Central Baltic area have collaborated to utilise participatory design methods in developing their local campuses, and to share the results on their findings. Campus development, much like urban planning in general, relates to the concepts of dreams and seeds: visions of the future, and a continuous flow of, often small, actions and decisions required for bringing the visions into reality. This book is a compilation of the insights, perspectives and practical examples encountered and produced during the two-year joint exploration to find the ingredients and the correct local measurements for sustainable urban campuses.$$9FENNI<KEEP>
015285390 538   L $$aInternet-yhteys.$$9JUOLU<KEEP>
015285390 540   L $$aAineisto on käytettävissä tutkimus- ja muihin tarkoituksiin;$$bKansalliskirjasto;$$claki kulttuuriaineistojen tallettamisesta ja säilyttämisestä$$uhttp://www.finlex.fi/fi/laki/ajantasa/2007/20071433$$5FI-Vapaa$$9FENNI<KEEP>
015285390 583   L $$aMERGED FROM (FI-MELINDA)012219744 + (FI-MELINDA)015285386$$c2019-01-14T14:39:11+02:00$$5MELINDA
015285390 588   L $$aKuvailun perusta: Kuvailu tarkistettu verkkoaineistosta (14.3.2018)
015285390 650 0 L $$aCampus planning.
015285390 650 0 L $$aCity planning.
015285390 650 0 L $$aSustainable urban development.
015285390 650 7 L $$akampukset$$2ysa$$9FENNI<KEEP>
015285390 650 7 L $$akaupunkisuunnittelu$$2ysa$$9FENNI<KEEP>
015285390 650 7 L $$akaupunkiympäristö$$2ysa$$9FENNI<KEEP>
015285390 650 7 L $$akehittäminen$$2ysa$$9FENNI<KEEP>
015285390 650 7 L $$akehittämisprojektit$$2ysa$$9FENNI<KEEP>
015285390 650 7 L $$akestävä kehitys$$2ysa$$9FENNI<KEEP>
015285390 650 7 L $$akorkeakoulut$$2ysa$$9FENNI<KEEP>
015285390 650 7 L $$aosallistava suunnittelu$$2ysa$$9FENNI<KEEP>
015285390 650 7 L $$ayliopistoalueet$$2ysa$$9FENNI<KEEP>
015285390 650 7 L $$ayliopistot$$2ysa$$9FENNI<KEEP>
015285390 651 7 L $$aHelsinki$$2ysa$$9FENNI<KEEP>
015285390 651 7 L $$aRiika$$2ysa$$9FENNI<KEEP>
015285390 651 7 L $$aTartto$$2ysa$$9FENNI<KEEP>
015285390 651 7 L $$aTukholma$$2ysa$$9FENNI<KEEP>
015285390 651 7 L $$aTurku$$2ysa$$9FENNI<KEEP>
015285390 651 7 L $$aUppsala$$2ysa$$9FENNI<KEEP>
015285390 7001  L $$aAl Rawaf, Rawaf$$etoimittaja.$$0(FIN11)000183311
015285390 7001  L $$aHebbert, Michael,$$ekirjoittaja.
015285390 7001  L $$aKeränen, Päivi,$$ekirjoittaja,$$etoimittaja.$$etoimittaja
015285390 7001  L $$aSchewenius, Maria$$d1982-$$etoimittaja.
015285390 77608 L $$iPainettu:$$z978-952-328-054-0$$9FENNI<KEEP>
015285390 85640 L $$uhttp://urn.fi/URN:ISBN:978-952-328-055-7$$yLinkki verkkoaineistoon
015285390 85640 L $$uhttp://urn.fi/URN:ISBN:978-952-328-055-7$$zKäytettävissä vapaakappalekirjastoissa$$5FENNI
015285390 SID   L $$cFCC015285386$$bfenni
015285390 SID   L $$cFCC012219744$$bjuolu
015285390 CAT   L $$aFENNI4001$$b30$$c20190114$$lFIN01$$h1439
015285390 CAT   L $$aLOAD-FIX$$b30$$c20190117$$lFIN01$$h1302
015285390 CAT   L $$aLOAD-FIX$$b30$$c20190117$$lFIN01$$h1302
015285390 901   L $$aSU20190114$$5FENNI
015285390 LOW   L $$aFENNI
015285390 LOW   L $$aJUOLU
