015287846 FMT   L BK
015287846 LDR   L 00000cam^a2200433^i^4500
015287846 001   L 015287846
015287846 005   L 20190218145053.0
015287846 007   L cr||||||||||||
015287846 008   L 190117s2018^^^^fi^|||||o^^^^^|0|^0|eng|^
015287846 020   L $$a978-952-328-106-6$$qPDF
015287846 040   L $$aFI-NL$$bfin$$erda
015287846 0410  L $$aeng
015287846 042   L $$afinb
015287846 0801  L $$a656$$21974/fin/fennica$$9FENNI<KEEP>
015287846 0801  L $$a629$$21974/fin/fennica$$9FENNI<KEEP>
015287846 0801  L $$a681.5$$21974/fin/fennica$$9FENNI<KEEP>
015287846 1001  L $$aEllner, Maximilian,$$ekirjoittaja.
015287846 24510 L $$aSohjoa Baltic :$$bjoint legal implementation roadmap for Finland and Germany /$$cauthors: Maximilian Ellner [ja neljä muuta] ; editor, photos: Milla Åman.
015287846 24630 L $$aJoint legal implementation roadmap for Finland and Germany
015287846 264 1 L $$a[Helsinki] :$$bMetropolia University of Applied Sciences,$$c[2018]
015287846 300   L $$a1 verkkoaineisto (34 sivua)
015287846 336   L $$ateksti$$btxt$$2rdacontent
015287846 337   L $$atietokonekäyttöinen$$bc$$2rdamedia
015287846 338   L $$averkkoaineisto$$bcr$$2rdacarrier
015287846 500   L $$aThe Interreg Baltic Sea -ohjelma.$$9FENNI<KEEP>
015287846 500   L $$aSohjoa Baltic -projekti.$$9FENNI<KEEP>
015287846 5061  L $$aAineisto on käytettävissä vapaakappalekirjastoissa.$$fOnline access with authorization$$2star$$5FI-Vapaa$$9FENNI<KEEP>
015287846 540   L $$aAineisto on käytettävissä tutkimus- ja muihin tarkoituksiin;$$bKansalliskirjasto;$$claki kulttuuriaineistojen tallettamisesta ja säilyttämisestä$$uhttp://www.finlex.fi/fi/laki/ajantasa/2007/20071433$$5FI-Vapaa$$9FENNI<KEEP>
015287846 546   L $$aTekstiä myös suomeksi ja saksaksi.$$9FENNI<KEEP>
015287846 650 7 L $$ajoukkoliikenne$$2ysa$$9FENNI<KEEP>
015287846 650 7 L $$alinja-autoliikenne$$2ysa$$9FENNI<KEEP>
015287846 650 7 L $$alinja-autot$$2ysa$$9FENNI<KEEP>
015287846 650 7 L $$arobottiautot$$2ysa$$9FENNI<KEEP>
015287846 650 7 L $$aautomaatio$$2ysa$$9FENNI<KEEP>
015287846 650 7 L $$alainsäädäntö$$2ysa$$9FENNI<KEEP>
015287846 651 7 L $$aSaksa$$2ysa$$9FENNI<KEEP>
015287846 651 7 L $$aSuomi$$2ysa$$9FENNI<KEEP>
015287846 7001  L $$aHartwig, Matthias,$$ekirjoittaja.
015287846 7001  L $$aHingst, Jana,$$ekirjoittaja.
015287846 7001  L $$aJälkö, Reijo,$$ekirjoittaja.
015287846 7001  L $$aPilli-Sihvola, Eetu,$$ekirjoittaja.
015287846 7001  L $$aÅman, Milla,$$etoimittaja.
015287846 7102  L $$aMetropolia Ammattikorkeakoulu,$$ejulkaisija.$$0(FIN11)000026586
015287846 85640 L $$uhttp://urn.fi/URN:ISBN:978-952-328-106-6$$zKäytettävissä vapaakappalekirjastoissa$$5FI-Vapaa
015287846 85640 L $$uhttp://urn.fi/URN:ISBN:978-952-328-106-6$$yLinkki verkkoaineistoon
015287846 CAT   L $$aFENNI4005$$b30$$c20190117$$lFIN01$$h1019
015287846 CAT   L $$aFENNI4005$$b30$$c20190117$$lFIN01$$h1022
015287846 CAT   L $$aFENNI4005$$b30$$c20190117$$lFIN01$$h1037
015287846 CAT   L $$aFENNI4005$$b30$$c20190117$$lFIN01$$h1041
015287846 CAT   L $$aFENNI4005$$b30$$c20190117$$lFIN01$$h1056
015287846 CAT   L $$aFENNI4005$$b30$$c20190117$$lFIN01$$h1058
015287846 CAT   L $$aFENNI40038$$b30$$c20190218$$lFIN01$$h1450
015287846 901   L $$aSU20190218$$5FENNI
015287846 LOW   L $$aFENNI
