015287880 FMT   L BK
015287880 LDR   L 00000cam^a2200433^i^4500
015287880 001   L 015287880
015287880 005   L 20190218142840.0
015287880 007   L cr||||||||||||
015287880 008   L 190117s2018^^^^fi^|||||o^^^^^|0|^0|eng|^
015287880 020   L $$a978-952-328-108-0$$qPDF
015287880 040   L $$aFI-NL$$bfin$$erda
015287880 0410  L $$aeng
015287880 042   L $$afinb
015287880 0801  L $$a656$$21974/fin/fennica$$9FENNI<KEEP>
015287880 0801  L $$a629$$21974/fin/fennica$$9FENNI<KEEP>
015287880 0801  L $$a681.5$$21974/fin/fennica$$9FENNI<KEEP>
015287880 1001  L $$aBroni Strandby, Malthe,$$ekirjoittaja.
015287880 24510 L $$aSohjoa Baltic :$$blegal implementation roadmap for Denmark /$$cauthors: Malthe Broni Strandby, Boris Schønfeldt ; photos: Milla Åman.
015287880 24630 L $$aLegal implementation roadmap for Denmark
015287880 264 1 L $$a[Helsinki] :$$bMetropolia University of Applied Sciences,$$c2018.
015287880 300   L $$a1 verkkoaineisto (15 sivua)
015287880 336   L $$ateksti$$btxt$$2rdacontent
015287880 337   L $$atietokonekäyttöinen$$bc$$2rdamedia
015287880 338   L $$averkkoaineisto$$bcr$$2rdacarrier
015287880 500   L $$aThe Interreg Baltic Sea -ohjelma.$$9FENNI<KEEP>
015287880 500   L $$aSohjoa Baltic -projekti.$$9FENNI<KEEP>
015287880 5061  L $$aAineisto on käytettävissä vapaakappalekirjastoissa.$$fOnline access with authorization$$2star$$5FI-Vapaa$$9FENNI<KEEP>
015287880 540   L $$aAineisto on käytettävissä tutkimus- ja muihin tarkoituksiin;$$bKansalliskirjasto;$$claki kulttuuriaineistojen tallettamisesta ja säilyttämisestä$$uhttp://www.finlex.fi/fi/laki/ajantasa/2007/20071433$$5FI-Vapaa$$9FENNI<KEEP>
015287880 546   L $$aTekstiä myös tanskaksi.$$9FENNI<KEEP>
015287880 650 7 L $$ajoukkoliikenne$$2ysa$$9FENNI<KEEP>
015287880 650 7 L $$alinja-autoliikenne$$2ysa$$9FENNI<KEEP>
015287880 650 7 L $$alinja-autot$$2ysa$$9FENNI<KEEP>
015287880 650 7 L $$arobottiautot$$2ysa$$9FENNI<KEEP>
015287880 650 7 L $$aautomaatio$$2ysa$$9FENNI<KEEP>
015287880 650 7 L $$alainsäädäntö$$2ysa$$9FENNI<KEEP>
015287880 651 7 L $$aTanska$$2ysa$$9FENNI<KEEP>
015287880 7001  L $$aSchønfeldt, Boris,$$ekirjoittaja.
015287880 7102  L $$aMetropolia Ammattikorkeakoulu,$$ejulkaisija.$$0(FIN11)000026586
015287880 85640 L $$uhttp://urn.fi/URN:ISBN:978-952-328-108-0$$zKäytettävissä vapaakappalekirjastoissa$$5FI-Vapaa
015287880 85640 L $$uhttp://urn.fi/URN:ISBN:978-952-328-108-0$$yLinkki verkkoaineistoon
015287880 CAT   L $$aFENNI4005$$b30$$c20190117$$lFIN01$$h1038
015287880 CAT   L $$aFENNI4005$$b30$$c20190117$$lFIN01$$h1042
015287880 CAT   L $$aFENNI4005$$b30$$c20190117$$lFIN01$$h1056
015287880 CAT   L $$aFENNI40038$$b30$$c20190218$$lFIN01$$h1428
015287880 901   L $$aSU20190218$$5FENNI
015287880 LOW   L $$aFENNI
