015287915 FMT   L BK
015287915 LDR   L 00000cam^a2200433^i^4500
015287915 001   L 015287915
015287915 005   L 20190218142426.0
015287915 007   L cr||||||||||||
015287915 008   L 190117s2018^^^^fi^|||||o^^^^^|0|^0|eng|^
015287915 020   L $$a978-952-328-107-3$$qPDF
015287915 040   L $$aFI-NL$$bfin$$erda
015287915 0410  L $$aeng
015287915 042   L $$afinb
015287915 0801  L $$a656$$21974/fin/fennica$$9FENNI<KEEP>
015287915 0801  L $$a629$$21974/fin/fennica$$9FENNI<KEEP>
015287915 0801  L $$a681.5$$21974/fin/fennica$$9FENNI<KEEP>
015287915 1001  L $$aSoe, Ralf-Martin,$$ekirjoittaja.
015287915 24510 L $$aSohjoa Baltic :$$blegal implementation roadmap for Estonia /$$cauthors: Ralf-Martin Soe, Jaagup Ainsalu, Urmas Tammiksaar ; photos: Milla Åman.
015287915 24630 L $$aLegal implementation roadmap for Estonia
015287915 264 1 L $$a[Helsinki] :$$bMetropolia University of Applied Sciences,$$c2018.
015287915 300   L $$a1 verkkoaineisto (12 sivua)
015287915 336   L $$ateksti$$btxt$$2rdacontent
015287915 337   L $$atietokonekäyttöinen$$bc$$2rdamedia
015287915 338   L $$averkkoaineisto$$bcr$$2rdacarrier
015287915 500   L $$aThe Interreg Baltic Sea -ohjelma.$$9FENNI<KEEP>
015287915 500   L $$aSohjoa Baltic -projekti.$$9FENNI<KEEP>
015287915 5061  L $$aAineisto on käytettävissä vapaakappalekirjastoissa.$$fOnline access with authorization$$2star$$5FI-Vapaa$$9FENNI<KEEP>
015287915 540   L $$aAineisto on käytettävissä tutkimus- ja muihin tarkoituksiin;$$bKansalliskirjasto;$$claki kulttuuriaineistojen tallettamisesta ja säilyttämisestä$$uhttp://www.finlex.fi/fi/laki/ajantasa/2007/20071433$$5FI-Vapaa$$9FENNI<KEEP>
015287915 546   L $$aTekstiä myös viroksi.$$9FENNI<KEEP>
015287915 650 7 L $$ajoukkoliikenne$$2ysa$$9FENNI<KEEP>
015287915 650 7 L $$alinja-autoliikenne$$2ysa$$9FENNI<KEEP>
015287915 650 7 L $$alinja-autot$$2ysa$$9FENNI<KEEP>
015287915 650 7 L $$arobottiautot$$2ysa$$9FENNI<KEEP>
015287915 650 7 L $$aautomaatio$$2ysa$$9FENNI<KEEP>
015287915 650 7 L $$alainsäädäntö$$2ysa$$9FENNI<KEEP>
015287915 651 7 L $$aViro$$2ysa$$9FENNI<KEEP>
015287915 7001  L $$aAinsalu, Jaagup,$$ekirjoittaja.
015287915 7001  L $$aTammiksaar, Urmas,$$ekirjoittaja.
015287915 7102  L $$aMetropolia Ammattikorkeakoulu,$$ejulkaisija.$$0(FIN11)000026586
015287915 85640 L $$uhttp://urn.fi/URN:ISBN:978-952-328-107-3$$zKäytettävissä vapaakappalekirjastoissa$$5FI-Vapaa
015287915 85640 L $$uhttp://urn.fi/URN:ISBN:978-952-328-107-3$$yLinkki verkkoaineistoon
015287915 CAT   L $$aFENNI4005$$b30$$c20190117$$lFIN01$$h1046
015287915 CAT   L $$aFENNI4005$$b30$$c20190117$$lFIN01$$h1057
015287915 CAT   L $$aFENNI40038$$b30$$c20190218$$lFIN01$$h1424
015287915 901   L $$aSU20190218$$5FENNI
015287915 LOW   L $$aFENNI
