015287956 FMT   L BK
015287956 LDR   L 00000cam^a2200433^i^4500
015287956 001   L 015287956
015287956 005   L 20190218144239.0
015287956 007   L cr||||||||||||
015287956 008   L 190117s2018^^^^fi^|||||o^^^^^|0|^0|eng|^
015287956 020   L $$a978-952-328-110-3$$qPDF
015287956 040   L $$aFI-NL$$bfin$$erda
015287956 0410  L $$aeng
015287956 042   L $$afinb
015287956 0801  L $$a656$$21974/fin/fennica$$9FENNI<KEEP>
015287956 0801  L $$a629$$21974/fin/fennica$$9FENNI<KEEP>
015287956 0801  L $$a681.5$$21974/fin/fennica$$9FENNI<KEEP>
015287956 1001  L $$aSchiller, Damian,$$ekirjoittaja.
015287956 24510 L $$aSohjoa Baltic :$$blegal implementation roadmap for Poland /$$cauthors: Damian Schiller [ja viisi muuta] ; photos: Milla Åman.
015287956 24630 L $$aLegal implementation roadmap for Poland
015287956 264 1 L $$a[Helsinki] :$$bMetropolia University of Applied Sciences,$$c[2018]
015287956 300   L $$a1 verkkoaineisto (33 sivua)
015287956 336   L $$ateksti$$btxt$$2rdacontent
015287956 337   L $$atietokonekäyttöinen$$bc$$2rdamedia
015287956 338   L $$averkkoaineisto$$bcr$$2rdacarrier
015287956 500   L $$aThe Interreg Baltic Sea -ohjelma.$$9FENNI<KEEP>
015287956 500   L $$aSohjoa Baltic -projekti.$$9FENNI<KEEP>
015287956 5061  L $$aAineisto on käytettävissä vapaakappalekirjastoissa.$$fOnline access with authorization$$2star$$5FI-Vapaa$$9FENNI<KEEP>
015287956 540   L $$aAineisto on käytettävissä tutkimus- ja muihin tarkoituksiin;$$bKansalliskirjasto;$$claki kulttuuriaineistojen tallettamisesta ja säilyttämisestä$$uhttp://www.finlex.fi/fi/laki/ajantasa/2007/20071433$$5FI-Vapaa$$9FENNI<KEEP>
015287956 546   L $$aTekstiä myös puolaksi.$$9FENNI<KEEP>
015287956 650 7 L $$ajoukkoliikenne$$2ysa$$9FENNI<KEEP>
015287956 650 7 L $$alinja-autoliikenne$$2ysa$$9FENNI<KEEP>
015287956 650 7 L $$alinja-autot$$2ysa$$9FENNI<KEEP>
015287956 650 7 L $$arobottiautot$$2ysa$$9FENNI<KEEP>
015287956 650 7 L $$aautomaatio$$2ysa$$9FENNI<KEEP>
015287956 650 7 L $$alainsäädäntö$$2ysa$$9FENNI<KEEP>
015287956 651 7 L $$aPuola$$2ysa$$9FENNI<KEEP>
015287956 7001  L $$aKaniszewski, Lech,$$ekirjoittaja.
015287956 7001  L $$aZelewski, Damian,$$ekirjoittaja.
015287956 7001  L $$aWażny, Karol,$$ekirjoittaja.
015287956 7001  L $$aSzymańska, Magdalena,$$ekirjoittaja.
015287956 7001  L $$aKlinkosz, Anna,$$ekirjoittaja.
015287956 7102  L $$aMetropolia Ammattikorkeakoulu,$$ejulkaisija.$$0(FIN11)000026586
015287956 85640 L $$uhttp://urn.fi/URN:ISBN:978-952-328-110-3$$zKäytettävissä vapaakappalekirjastoissa$$5FI-Vapaa
015287956 85640 L $$uhttp://urn.fi/URN:ISBN:978-952-328-110-3$$yLinkki verkkoaineistoon
015287956 CAT   L $$aFENNI4005$$b30$$c20190117$$lFIN01$$h1055
015287956 CAT   L $$aFENNI40038$$b30$$c20190218$$lFIN01$$h1442
015287956 901   L $$aSU20190218$$5FENNI
015287956 LOW   L $$aFENNI
