015294649 FMT   L BK
015294649 LDR   L 00000cam^a2200229^i^4500
015294649 001   L 015294649
015294649 005   L 20190122105027.0
015294649 007   L cr|||^||||||||
015294649 008   L 190122s2017^^^^fi^||||^o^^^^^|0|^0|fin|^
015294649 020   L $$a978-952-317-390-3$$qPDF
015294649 040   L $$aFI-NL$$bfin$$erda
015294649 0410  L $$afin
015294649 042   L $$afinb
015294649 0801  L $$a656.6$$21974/fin/fennica$$9FENNI<KEEP>
015294649 1001  L $$aRosqvist, Tony,$$d1960-$$ekirjoittaja.$$0(FIN11)000116544
015294649 24510 L $$aSafety assessment of the international sea area of the Gulf of Finland /$$cTony Rosqvist, Robin Berglund, Saara Hänninen.
015294649 264 1 L $$aHelsinki :$$bFinnish Transport Agency,$$c2017.
015294649 300   L $$a1 verkkoaineisto (27 sivua + n. 40 numeroimatonta sivua) :$$bkuvitettu, karttoja
015294649 336   L $$ateksti$$btxt$$2rdacontent
015294649 337   L $$atietokonekäyttöinen$$bc$$2rdamedia
015294649 338   L $$averkkoaineisto$$bcr$$2rdacarrier
015294649 5061  L $$aAineisto on käytettävissä vapaakappalekirjastoissa.$$fOnline access with authorization.$$2star$$5FI-Vapaa$$9FENNI<KEEP>
015294649 540   L $$aAineisto on käytettävissä tutkimus- ja muihin tarkoituksiin;$$bKansalliskirjasto;$$cLaki kulttuuriaineistojen tallettamisesta ja säilyttämisestä$$uhttp://www.finlex.fi/fi/laki/ajantasa/2007/20071433$$5FI-Vapaa$$9FENNI<KEEP>
015294649 650 7 L $$alaivaliikenne$$2ysa$$9FENNI<KEEP>
015294649 650 7 L $$ameriliikenne$$2ysa$$9FENNI<KEEP>
015294649 650 7 L $$amerenkulku$$2ysa$$9FENNI<KEEP>
015294649 650 7 L $$amerionnettomuudet$$2ysa$$9FENNI<KEEP>
015294649 650 7 L $$aturvallisuus$$2ysa$$9FENNI<KEEP>
015294649 650 7 L $$aliikenneturvallisuus$$2ysa$$9FENNI<KEEP>
015294649 650 7 L $$araportointi$$2ysa$$9FENNI<KEEP>
015294649 651 7 L $$aSuomenlahti$$2ysa$$9FENNI<KEEP>
015294649 7001  L $$aBerglund, Robin,$$d1957-$$ekirjoittaja.$$0(FIN11)000074850
015294649 7001  L $$aHänninen, Saara,$$d1974-$$ekirjoittaja.$$0(FIN11)000119152
015294649 7102  L $$aLiikennevirasto.$$0(FIN11)000035069
015294649 85640 L $$uhttp://urn.fi/URN:978-952-317-390-3$$yLinkki verkkoaineistoon
015294649 85640 L $$uhttp://urn.fi/URN:978-952-317-390-3$$zKäytettävissä vapaakappalekirjastoissa$$5FI-Vapaa
015294649 CAT   L $$aFENNI4001$$b30$$c20190122$$lFIN01$$h1050
015294649 901   L $$aSU20190122$$5FENNI
015294649 LOW   L $$aFENNI
