015297077 FMT   L BK
015297077 STA   L $$aSUPPRESSED
015297077 LDR   L 00000cam^a22002417i^4500
015297077 001   L 015297077
015297077 005   L 20190123105230.0
015297077 007   L cr||||||||||||
015297077 008   L 190123s2017^^^^fi^||||^om^^^^|0|^0|eng|^
015297077 020   L $$a978-951-51-xxxx-x$$qPDF
015297077 040   L $$aFI-NL$$bfin$$erda
015297077 0410  L $$aeng$$bfin
015297077 042   L $$afinb
015297077 0801  L $$a796/799$$21974/fin/fennica$$9FENNI<KEEP>
015297077 084   L $$axx.x [lisätäänkö YKL?]$$2ykl$$9FENNI<KEEP>
015297077 1001  L $$a[TESTITIETUE e-väitöskirjat] Sukunimi, Etunimi,$$ekirjoittaja.
015297077 24510 L $$a[TESTITIETUE e-väitöskirjat] Monografian nimeke :$$balanimeke /$$cEtunimi Sukunimi.
015297077 24630 L $$aAlanimeke
015297077 264 1 L $$aHelsinki :$$bUniversity of Helsinki,$$c2017.
015297077 300   L $$a1 verkkoaineisto (73 sivua) :$$bkuvitettu
015297077 336   L $$ateksti$$btxt$$2rdacontent
015297077 337   L $$atietokonekäyttöinen$$bc$$2rdamedia
015297077 338   L $$averkkoaineisto$$bcr$$2rdacarrier
015297077 4901  L $$aSarjan nimi kuten julkaisussa,$$x2342-3161 ;$$v2017/44 [vuosi ensin]
015297077 500   L $$aArtikkeliväitöskirjan yhteenveto-osa.$$9FENNI<KEEP>
015297077 502   L $$aVäitöskirja :$$cHelsingin yliopisto, lääketieteellinen tiedekunta,$$d2017.$$9FENNI<KEEP>
015297077 5061  L $$aAineisto on vapaasti saatavissa.$$fUnrestricted online access$$2star$$9FENNI<KEEP>
015297077 540   L $$a[ei käytetä tätä kenttää ollenkaan, koska c-kentän lakiviittaus ei koske näitä aineistoja?]
015297077 650 7 L $$aliikunta$$2ysa$$9FENNI<KEEP>
015297077 650 7 L $$atyökyky$$2ysa$$9FENNI<KEEP>
015297077 650 7 L $$atoimintakyky$$2ysa$$9FENNI<KEEP>
015297077 650 7 L $$atyöterveys$$2ysa$$9FENNI<KEEP>
015297077 7102  L $$aHelsingin yliopisto.$$bLääketieteellinen tiedekunta.$$0(FIN11)000000951
015297077 7102  L $$aHelsingin yliopisto,$$ejulkaisija.$$0(FIN11)000038390
015297077 77608 L $$iPainettu:$$z978-951-51-xxxx-x$$9FENNI<KEEP>
015297077 830 0 L $$aSarjan nimi kuten ISSN-tietueessa,$$x2342-3161 ;$$v2017, 44.
015297077 85640 L $$3Yhteenveto-osa [jos verkkoaineistoon ei sisälly eripainoksia]$$uhttp://hdl.handle.net/10138/230847 - - - TAI:
015297077 85640 L $$uhttp://hdl.handle.net/10138/230847 [jos koko teos eripainoksineen]$$yLinkki verkkoaineistoon
015297077 CAT   L $$aFENNI40045$$b30$$c20190123$$lFIN01$$h1042
015297077 CAT   L $$aFENNI40045$$b30$$c20190123$$lFIN01$$h1052
015297077 901   L $$aSU2019$$5FENNI
