015304241 FMT   L BK
015304241 LDR   L 00000cam^a2200229^i^4500
015304241 001   L 015304241
015304241 005   L 20190219121441.0
015304241 007   L cr|||^||||||||
015304241 008   L 190128s2019^^^^fi^||||^o^^^^^|0|^0|fin|^
015304241 020   L $$a978-952-7094-29-7$$qPDF
015304241 040   L $$aFI-NL$$bfin$$erda
015304241 0410  L $$afin
015304241 042   L $$afinb
015304241 0801  L $$a374$$21974/fin/fennica$$9FENNI<KEEP>
015304241 0801  L $$a342$$21974/fin/fennica$$9FENNI<KEEP>
015304241 084   L $$a38.7$$2ykl$$9FENNI<KEEP>
015304241 084   L $$a33.2$$2ykl$$9FENNI<KEEP>
015304241 1001  L $$aJalonen, Riikka,$$ekirjoittaja.
015304241 24510 L $$aKaikki mukana? :$$byhdenvertaisuussuunnittelun opas nuorisotyöhön /$$cRiikka Jalonen & Laura Heinonen ; oppaan sisältöön ovat kirjoittajina ja kommentoijina osallistuneet myös: Marisel Soto Godoy [ja 13 muuta] ; julkaisija: Koordinaatti, Oulun kaupunki.
015304241 24630 L $$aYhdenvertaisuussuunnittelun opas nuorisotyöhön
015304241 250   L $$a2. painos
015304241 264 1 L $$aOulu :$$bKoordinaatti, Oulun kaupunki,$$c2019.
015304241 300   L $$a1 verkkoaineisto (86 sivua) :$$bkuvitettu
015304241 336   L $$ateksti$$btxt$$2rdacontent
015304241 337   L $$atietokonekäyttöinen$$bc$$2rdamedia
015304241 338   L $$averkkoaineisto$$bcr$$2rdacarrier
015304241 5061  L $$aAineisto on käytettävissä vapaakappalekirjastoissa.$$fOnline access with authorization.$$2star$$5FI-Vapaa$$9FENNI<KEEP>
015304241 5060  L $$aAineisto on vapaasti saatavissa.$$fUnrestricted online access$$2star
015304241 540   L $$aAineisto on käytettävissä tutkimus- ja muihin tarkoituksiin;$$bKansalliskirjasto;$$cLaki kulttuuriaineistojen tallettamisesta ja säilyttämisestä$$uhttp://www.finlex.fi/fi/laki/ajantasa/2007/20071433$$5FI-Vapaa$$9FENNI<KEEP>
015304241 650 7 L $$anuorisotyö$$2ysa$$9FENNI<KEEP>
015304241 650 7 L $$ayhdenvertaisuus$$2ysa$$9FENNI<KEEP>
015304241 650 7 L $$asuunnitelmat$$2ysa$$9FENNI<KEEP>
015304241 650 7 L $$atasa-arvo$$2ysa$$9FENNI<KEEP>
015304241 650 7 L $$atasa-arvosuunnitelmat$$2ysa$$9FENNI<KEEP>
015304241 650 7 L $$asuunnittelu$$2ysa$$9FENNI<KEEP>
015304241 655 7 L $$aoppaat (teokset)$$2ysa$$9FENNI<KEEP>
015304241 7001  L $$aHeinonen, Laura,$$ekirjoittaja.
015304241 7101  L $$aOulun kaupunki.$$bOsaamiskeskus Koordinaatti.$$0(FIN11)000164456
015304241 77608 L $$iPainettu:$$z978-952-7094-28-0$$9FENNI<KEEP>
015304241 85640 L $$uhttp://urn.fi/URN:ISBN:978-952-7094-29-7$$zKäytettävissä vapaakappalekirjastoissa$$5FI-Vapaa
015304241 85640 L $$uhttp://www.koordinaatti.fi/sites/default/files/kaikki-mukana.pdf$$yLinkki verkkoaineistoon
015304241 CAT   L $$aFENNI4001$$b30$$c20190128$$lFIN01$$h1032
015304241 CAT   L $$aHURMA4009$$b30$$c20190219$$lFIN01$$h1214
015304241 901   L $$aSU20190128$$5FENNI
015304241 LOW   L $$aFENNI
015304241 LOW   L $$aHURMA
