015332697 FMT   L BK
015332697 LDR   L 00000cam^a2200337^i^4500
015332697 001   L 015332697
015332697 005   L 20190206125402.0
015332697 007   L cr||||||||||||
015332697 008   L 190206s2017^^^^fi^|||||om^^^^00|^||eng|^
015332697 020   L $$a978-951-51-3604-6$$qPDF
015332697 040   L $$aFI-NL$$bfin$$erda
015332697 0410  L $$aeng$$bfin$$bdut
015332697 042   L $$afinb
015332697 0801  L $$a57$$21974/fin/fennica$$9FENNI<KEEP>
015332697 1001  L $$aScheinin, Ilari,$$d1981-$$0(FIN11)000188086$$ekirjoittaja.
015332697 24510 L $$aBioinformatic solutions for chromosomal copy number analysis in cancer /$$cIlari Scheinin.
015332697 264 1 L $$aHelsinki :$$bUniversity of Helsinki,$$c2017.
015332697 300   L $$a1 verkkoaineisto (130 sivua) :$$bkuvitettu
015332697 336   L $$ateksti$$btxt$$2rdacontent
015332697 337   L $$atietokonekäyttöinen$$bc$$2rdamedia
015332697 338   L $$averkkoaineisto$$bcr$$2rdacarrier
015332697 500   L $$aArtikkeliväitöskirjan yhteenveto-osa ja 6 eripainosta.$$9FENNI<KEEP>
015332697 502   L $$aVäitöskirja :$$cHelsingin yliopisto, Lääketieteellinen tiedekunta,$$d2017.
015332697 5061  L $$aAineisto on käytettävissä vapaakappalekirjastoissa.$$fOnline access with authorization$$2star$$5FI-Vapaa$$9FENNI<KEEP>
015332697 520   L $$aTiivistelmä. - Sammenvattning.$$9FENNI<KEEP>
015332697 540   L $$aAineisto on käytettävissä tutkimus- ja muihin tarkoituksiin;$$bKansalliskirjasto;$$claki kulttuuriaineistojen tallettamisesta ja säilyttämisestä$$uhttp://www.finlex.fi/fi/laki/ajantasa/2007/20071433$$5FI-Vapaa$$9FENNI<KEEP>
015332697 650 7 L $$abioinformatiikka$$2ysa$$9FENNI<KEEP>
015332697 650 7 L $$aanalyysimenetelmät$$2ysa$$9FENNI<KEEP>
015332697 650 7 L $$ageenivirheet$$2ysa$$9FENNI<KEEP>
015332697 650 7 L $$asyöpätaudit$$2ysa$$9FENNI<KEEP>
015332697 7102  L $$aHelsingin yliopisto.$$bLääketieteellinen tiedekunta$$0(FIN11)000000951
015332697 77608 L $$iPainettu:$$z978-951-51-3603-9$$9FENNI<KEEP>
015332697 85640 L $$uhttp://urn.fi/URN:ISBN:978-951-51-3604-6$$yLinkki verkkoaineistoon
015332697 85640 L $$uhttp://urn.fi/URN:ISBN:978-951-51-3604-6$$zKäytettävissä vapaakappalekirjastoissa$$5FENNI
015332697 CAT   L $$aFENNI4001$$b30$$c20190206$$lFIN01$$h1246
015332697 CAT   L $$aFENNI4001$$b30$$c20190206$$lFIN01$$h1254
015332697 901   L $$aSU20190206$$5FENNI
015332697 LOW   L $$aFENNI
