015353145 FMT   L BK
015353145 LDR   L 00000cam^a22^^^^^^i^4500
015353145 001   L 015353145
015353145 005   L 20190207172420.0
015353145 007   L cr|||^||||||||
015353145 008   L 190207s2014^^^^fi^||||^o^^^^||0|^0|fin|^
015353145 015   L $$afe20190096$$qPDF$$2skl
015353145 040   L $$aFI-NL$$bfin$$erda
015353145 0410  L $$afin
015353145 042   L $$afinb
015353145 0801  L $$a808$$21974/fin/fennica$$9FENNI<KEEP>
015353145 1001  L $$aTjurin, Ilona,$$ekirjoittaja.
015353145 24510 L $$aKelaa venäjäksi :$$bkeskustelunanalyyttinen tutkimus venäjänkielisestä vuorovaikutuksesta Kelassa /$$cIlona Tjurin.
015353145 24630 L $$aKeskustelunanalyyttinen tutkimus venäjänkielisestä vuorovaikutuksesta Kelassa
015353145 264 1 L $$aHelsinki :$$bKelan tutkimusosasto,$$c2014.
015353145 300   L $$a1 verkkoaineisto (20 sivua)
015353145 336   L $$ateksti$$btxt$$2rdacontent
015353145 337   L $$atietokonekäyttöinen$$bc$$2rdamedia
015353145 338   L $$averkkoaineisto$$bcr$$2rdacarrier
015353145 4901  L $$aTyöpapereita,$$x2323-9239 ;$$v70
015353145 500   L $$aLyhennelmä pro gradu -tutkielmasta.$$9FENNI<KEEP>
015353145 5061  L $$aAineisto on käytettävissä vapaakappalekirjastoissa.$$fOnline access with authorization$$2star$$5FI-Vapaa$$9FENNI<KEEP>
015353145 540   L $$aAineisto on käytettävissä tutkimus- ja muihin tarkoituksiin;$$bKansalliskirjasto;$$claki kulttuuriaineistojen tallettamisesta ja säilyttämisestä$$uhttp://www.finlex.fi/fi/laki/ajantasa/2007/20071433$$5FI-Vapaa$$9FENNI<KEEP>
015353145 546   L $$aTekstiä myös venäjäksi.$$9FENNI<KEEP>
015353145 567   L $$bkeskustelunanalyysi$$2ysa$$9FENNI<KEEP>
015353145 61014 L $$aSuomi.$$bKansaneläkelaitos$$0(FIN11)000036674
015353145 650 7 L $$akielellinen vuorovaikutus$$2ysa$$9FENNI<KEEP>
015353145 650 7 L $$avuorovaikutus$$2ysa$$9FENNI<KEEP>
015353145 650 7 L $$aterminologia$$2ysa$$9FENNI<KEEP>
015353145 650 7 L $$aasiointi$$2ysa$$9FENNI<KEEP>
015353145 650 7 L $$aasiakkaat$$2ysa$$9FENNI<KEEP>
015353145 650 7 L $$avenäjän kieli$$2ysa$$9FENNI<KEEP>
015353145 650 7 L $$avenäjänkieliset$$2ysa$$9FENNI<KEEP>
015353145 650 7 L $$avirastot$$2ysa$$9FENNI<KEEP>
015353145 7101  L $$aSuomi.$$bKansaneläkelaitos,$$ejulkaisija.$$0(FIN11)000036674
015353145 830 0 L $$aTyöpapereita / Kelan tutkimusosasto,$$x2323-9239 ;$$v70.
015353145 85640 L $$uhttp://hdl.handle.net/10138/144168$$yLinkki verkkoaineistoon
015353145 85640 L $$uhttp://urn.fi/URN:NBN:fi-fe2016061321135$$zKäytettävissä vapaakappalekirjastoissa$$5FI-Vapaa
015353145 CAT   L $$aFENNI4005$$b30$$c20190207$$lFIN01$$h1247
015353145 CAT   L $$aFENNI40038$$b30$$c20190207$$lFIN01$$h1723
015353145 CAT   L $$aFENNI40038$$b30$$c20190207$$lFIN01$$h1724
015353145 901   L $$aSU20190207$$5FENNI
015353145 LOW   L $$aFENNI
