015367187 FMT   L BK
015367187 LDR   L 00000cam^a22004335i^4500
015367187 001   L 015367187
015367187 005   L 20190208164120.0
015367187 007   L cr^||^||||||||
015367187 008   L 190208s2013^^^^fi^||||^o^^^^||0||0^eng|^
015367187 015   L $$afe20190097$$qPDF$$2skl
015367187 040   L $$aFI-NL$$bfin$$erda
015367187 0410  L $$aeng
015367187 042   L $$afinb
015367187 1001  L $$aZhou, Meng,$$ekirjoittaja.
015367187 24510 L $$aMicrosimulation :$$bstatistical methodology and assessment of uncertainty /$$cMeng Zhou.
015367187 24630 L $$aStatistical methodology and assessment of uncertainty
015367187 264 1 L $$aHelsinki :$$bKela, Research Department,$$c2013.
015367187 300   L $$a1 verkkoaineisto (57 sivua)
015367187 336   L $$ateksti$$btxt$$2rdacontent
015367187 337   L $$atietokonekäyttöinen$$bc$$2rdamedia
015367187 338   L $$averkkoaineisto$$bcr$$2rdacarrier
015367187 4901  L $$aWorking papers,$$x2323-9239 ;$$v44
015367187 5061  L $$aAineisto on käytettävissä vapaakappalekirjastoissa.$$fOnline access with authorization$$2star$$5FI-Vapaa$$9FENNI<KEEP>
015367187 540   L $$aAineisto on käytettävissä tutkimus- ja muihin tarkoituksiin;$$bKansalliskirjasto;$$claki kulttuuriaineistojen tallettamisesta ja säilyttämisestä$$uhttp://www.finlex.fi/fi/laki/ajantasa/2007/20071433$$5FI-Vapaa$$9FENNI<KEEP>
015367187 7101  L $$aSuomi.$$bKansaneläkelaitos.$$bTutkimusosasto,$$0(FIN11)000036732$$ejulkaisija.
015367187 830 0 L $$aTyöpapereita / Kelan tutkimusosasto,$$x2323-9239 ;$$v44.
015367187 85640 L $$uhttp://hdl.handle.net/10138/38871$$yLinkki verkkoaineistoon
015367187 85640 L $$uhttp://urn.fi/URN:NBN:fi-fe2016061321503$$zKäytettävissä vapaakappalekirjastoissa$$5FI-Vapaa
015367187 CAT   L $$aFENNI4005$$b30$$c20190208$$lFIN01$$h1610
015367187 CAT   L $$aFENNI4005$$b30$$c20190208$$lFIN01$$h1641
015367187 901   L $$aSU2019$$5FENNI
015367187 LOW   L $$aFENNI
