015376563 FMT   L BK
015376563 LDR   L 00000cam^a2200229^i^4500
015376563 001   L 015376563
015376563 005   L 20190212131758.0
015376563 007   L cr|||^||||||||
015376563 008   L 190212s2017^^^^fi^||||^o^^^^^|0|^0|swe|^
015376563 020   L $$a978-952-314-628-0$$qPDF
015376563 040   L $$aFI-NL$$bfin$$erda
015376563 0410  L $$aswe
015376563 042   L $$afinb
015376563 0801  L $$a502/504$$21974/fin/fennica$$9FENNI<KEEP>
015376563 0801  L $$a59$$21974/fin/fennica$$9FENNI<KEEP>
015376563 1101  L $$aPohjanmaan ja Keski-Pohjanmaan alueellinen merimetson yhteistyöryhmä,$$ekirjoittaja.$$0(FIN11)000175665
015376563 24510 L $$aÅtgärdsplan för skarv i Österbottens kustområden /$$cden regionala skarvsamarbetsgruppen i Österbotten och mellersta Österbotten ; beredningsgruppen Lotta Eklund [ja 11 muuta].
015376563 264 1 L $$a[Vaasa] :$$bNärings-, trafik- och miljöcentralen i Södra Österbotten,$$c2017.
015376563 300   L $$a1 verkkoaineisto (74+ 14 sivua) :$$bkarttoja
015376563 336   L $$ateksti$$btxt$$2rdacontent
015376563 337   L $$atietokonekäyttöinen$$bc$$2rdamedia
015376563 338   L $$averkkoaineisto$$bcr$$2rdacarrier
015376563 4901  L $$aRapporter,$$x2242-2854 ;$$v61/2017
015376563 5061  L $$aAineisto on käytettävissä vapaakappalekirjastoissa.$$fOnline access with authorization.$$2star$$5FI-Vapaa$$9FENNI<KEEP>
015376563 540   L $$aAineisto on käytettävissä tutkimus- ja muihin tarkoituksiin;$$bKansalliskirjasto;$$cLaki kulttuuriaineistojen tallettamisesta ja säilyttämisestä$$uhttp://www.finlex.fi/fi/laki/ajantasa/2007/20071433$$5FI-Vapaa$$9FENNI<KEEP>
015376563 546   L $$aTekstiä myös suomeksi.$$9FENNI<KEEP>
015376563 650 7 L $$amerimetso (laji)$$2ysa$$9FENNI<KEEP>
015376563 650 7 L $$alintukannat$$2ysa$$9FENNI<KEEP>
015376563 650 7 L $$arannikkoalueet$$2ysa$$9FENNI<KEEP>
015376563 650 7 L $$aeläintuhot$$2ysa$$9FENNI<KEEP>
015376563 650 7 L $$avahingot$$2ysa$$9FENNI<KEEP>
015376563 650 7 L $$ahaitat$$2ysa$$9FENNI<KEEP>
015376563 650 7 L $$aympäristövaikutukset$$2ysa$$9FENNI<KEEP>
015376563 650 7 L $$atorjunta$$2ysa$$9FENNI<KEEP>
015376563 650 7 L $$atoimenpiteet$$2ysa$$9FENNI<KEEP>
015376563 651 7 L $$aPohjanmaa$$2ysa$$9FENNI<KEEP>
015376563 7001  L $$aEklund, Lotta,$$etoimittaja.
015376563 7102  L $$aEtelä-Pohjanmaan elinkeino-, liikenne- ja ympäristökeskus.$$0(FIN11)000035090
015376563 77508 L $$iJulkaistu myös suomeksi:$$tPohjanmaan rannikkoalueen merimetson toimenpidesuunnitelma$$z978-952-314-627-3$$9FENNI<KEEP>
015376563 830 0 L $$aRaportteja / Elinkeino-, liikenne- ja ympäristökeskus,$$x2242-2854 ;$$v2017, 16.
015376563 85640 L $$uhttp://urn.fi/URN:ISBN:978-952-314-628-0$$yLinkki verkkoaineistoon
015376563 85640 L $$uhttp://urn.fi/URN:ISBN:978-952-314-628-0$$zKäytettävissä vapaakappalekirjastoissa$$5FI-Vapaa
015376563 CAT   L $$aFENNI4001$$b30$$c20190212$$lFIN01$$h1317
015376563 901   L $$aSU20190212$$5FENNI
015376563 9102  L $$aDen regionala skarvsamarbetsgruppen i Österbotten och mellersta Österbotten$$yPohjanmaan ja Keski-Pohjanmaan alueellinen merimetson yhteistyöryhmä
015376563 LOW   L $$aFENNI
