015380803 FMT   L BK
015380803 LDR   L 00000cam^a2200397^i^4500
015380803 001   L 015380803
015380803 005   L 20190220091428.0
015380803 007   L cr||||||||||||
015380803 008   L 190220s2002^^^^fi^|||||o^^^^^00|^||fin|^
015380803 020   L $$a951-729-705-X$$qPDF$$z951-729-703-X
015380803 036   L $$aEEM1306497152_F7A
015380803 040   L $$aFI-NL$$bfin$$erda
015380803 0410  L $$afin$$beng
015380803 042   L $$afinb
015380803 080   L $$a631$$21974/fin/fennica$$9FENNI<KEEP>
015380803 084   L $$a67.1$$2ykl$$9FENNI<KEEP>
015380803 24500 L $$aMaatalouden materiaalivirrat, ekotehokkuus ja ravinnontuotannon kestävä kilpailukyky /$$cHelmi Risku-Norja ... [ja muita].
015380803 260   L $$a[Jokioinen] :$$bMaa- ja elintarviketalouden tutkimuskeskus,$$c2002.
015380803 300   L $$a1 verkkoaineisto (61, [4] sivua) :$$bkuvitettu
015380803 336   L $$ateksti$$btxt$$2rdacontent
015380803 337   L $$atietokonekäyttöinen$$bc$$2rdamedia
015380803 338   L $$averkkoaineisto$$bcr$$2rdacarrier
015380803 4901  L $$aMaa- ja elintarviketalous,$$x1458-5081 ;$$v16
015380803 500   L $$aTalous.$$9FENNI<KEEP>
015380803 5061  L $$aAineisto on käytettävissä vapaakappalekirjastoissa.$$fOnline access with authorization$$2star$$5FI-Vapaa$$9FENNI<KEEP>
015380803 520   L $$aAbstract: Material flows, ecoefficiency and sustainable compatibility of food production.$$9FENNI<KEEP>
015380803 540   L $$aAineisto on käytettävissä tutkimus- ja muihin tarkoituksiin;$$bKansalliskirjasto;$$claki kulttuuriaineistojen tallettamisesta ja säilyttämisestä$$uhttp://www.finlex.fi/fi/laki/ajantasa/2007/20071433$$5FI-Vapaa$$9FENNI<KEEP>
015380803 650 7 L $$amaatalous$$2ysa$$9FENNI<KEEP>
015380803 650 7 L $$amaataloustuotanto$$2ysa$$9FENNI<KEEP>
015380803 650 7 L $$amateriaalivirrat$$2ysa$$9FENNI<KEEP>
015380803 650 7 L $$aekotehokkuus$$2ysa$$9FENNI<KEEP>
015380803 650 7 L $$akilpailukyky$$2ysa$$9FENNI<KEEP>
015380803 650 7 L $$akestävä kehitys$$2ysa$$9FENNI<KEEP>
015380803 7001  L $$aRisku-Norja, Helmi,$$d1951-$$0(FIN11)000112982
015380803 77608 L $$iPainettu:$$z951-729-704-1$$9FENNI<KEEP>
015380803 830 0 L $$aMaa- ja elintarviketalous,$$x1458-5081 ;$$v16.
015380803 85640 L $$uhttp://urn.fi/URN:ISBN:951-729-705-X$$yLinkki verkkoaineistoon
015380803 85640 L $$uhttp://urn.fi/URN:ISBN:951-729-705-X$$zKäytettävissä vapaakappalekirjastoissa$$5FENNI
015380803 CAT   L $$aFENNI4001$$b30$$c20190220$$lFIN01$$h0914
015380803 901   L $$aSU20190220$$5FENNI
015380803 LOW   L $$aFENNI
