015381395 FMT   L BK
015381395 LDR   L 00000cam^a22^^^^^5i^4500
015381395 001   L 015381395
015381395 005   L 20190221093547.0
015381395 007   L cr^nu|||||u|u|
015381395 008   L 190220s2018^^^^fi^||||^om^^^^|0|^0|fin|^
015381395 020   L $$a978-951-25-3053-3$$qPDF
015381395 040   L $$aFI-NL$$bfin$$erda
015381395 0410  L $$afin$$beng
015381395 042   L $$afinb
015381395 1001  L $$aLiimatta, Hannu,$$ekirjoittaja.
015381395 24510 L $$aUlkomaisista esikuvista kohti omaperäisempiä ratkaisuja :$$bitsenäisen Suomen jalkaväkitaktiikan kehittymisen neljä ensimmäistä vuosikymmentä /$$cHannu Liimatta.
015381395 264 1 L $$aHelsinki :$$bMaanpuolustuskorkeakoulu ;$$bEdita$$c2018.
015381395 300   L $$a1 verkkoaineisto (561 sivua) :$$bkuvitettu ;
015381395 336   L $$ateksti$$btxt$$2rdacontent
015381395 337   L $$atietokonekäyttöinen$$bc$$2rdamedia
015381395 338   L $$averkkoaineisto$$bcr$$2rdacarrier
015381395 4901  L $$aJulkaisusarja 1, Tutkimuksia / Maanpuolustuskorkeakoulu,$$x2343-0001 ;$$vNo. 29
015381395 502   L $$aVäitöskirja :$$cMaanpuolustuskorkeakoulu, Helsinki,$$d2018.$$9FENNI<KEEP>
015381395 520   L $$aFrom foreign models towards more self-dependent solutions.$$9FENNI<KEEP>
015381395 77608 L $$iPainettu:$$z978-951-37-7453-0$$9FENNI<KEEP>
015381395 830 0 L $$aJulkaisusarja.$$n1,$$pTutkimuksia / Maanpuolustuskorkeakoulu,$$x2343-0001 ;$$vNo. 29.
015381395 85640 L $$uhttp://urn.fi/URN:ISBN:978-951-25-3053-3$$yLinkki verkkoaineistoon
015381395 CAT   L $$aFENNI40010$$b30$$c20190220$$lFIN01$$h1653
015381395 CAT   L $$aFENNI40010$$b30$$c20190221$$lFIN01$$h0934
015381395 CAT   L $$aFENNI40010$$b30$$c20190221$$lFIN01$$h0935
015381395 901   L $$aSU2019$$5FENNI
015381395 LOW   L $$aFENNI
