015381750 FMT   L BK
015381750 LDR   L 00000cam^a2200529^i^4500
015381750 001   L 015381750
015381750 005   L 20190221115516.0
015381750 007   L cr||||||||||||
015381750 008   L 190221s2003^^^^fi^|||||o^^^^^00|^0|fin|^
015381750 015   L $$afx741112$$2skl
015381750 020   L $$a951-729-808-0$$qPDF
015381750 040   L $$aFI-NL$$bfin$$erda
015381750 0410  L $$afin$$beng
015381750 042   L $$afinb
015381750 080   L $$a637$$21974/fin/fennica$$9FENNI<KEEP>
015381750 080   L $$a502/504$$21974/fin/fennica$$9FENNI<KEEP>
015381750 084   L $$a67.7$$2ykl$$9FENNI<KEEP>
015381750 24500 L $$aEmmental Sinileima -juuston tuotantoketjun ympäristövaikutukset ja parannusmahdollisuudet /$$cPasi Voutilainen ... [ja muita].
015381750 260   L $$aJokioinen :$$bMaa- ja elintarviketalouden tutkimuskeskus,$$c2003
015381750 300   L $$a1 verkkoaineisto (91, [2] sivu) :$$bkuvitettu
015381750 336   L $$ateksti$$btxt$$2rdacontent
015381750 337   L $$atietokonekäyttöinen$$bc$$2rdamedia
015381750 338   L $$averkkoaineisto$$bcr$$2rdacarrier
015381750 4901  L $$aMaa- ja elintarviketalous,$$x1458-5081 ;$$v35
015381750 500   L $$aYmpäristö.$$9FENNI<KEEP>
015381750 5061  L $$aAineisto on käytettävissä vapaakappalekirjastoissa.$$fOnline access with authorization$$2star$$5FI-Vapaa$$9FENNI<KEEP>
015381750 520   L $$aAbstract: Environmental impacts and improvement possibilities of Emmental blue-label cheese.$$9FENNI<KEEP>
015381750 540   L $$aAineisto on käytettävissä tutkimus- ja muihin tarkoituksiin;$$bKansalliskirjasto;$$claki kulttuuriaineistojen tallettamisesta ja säilyttämisestä$$uhttp://www.finlex.fi/fi/laki/ajantasa/2007/20071433$$5FI-Vapaa$$9FENNI<KEEP>
015381750 650 7 L $$ajuusto$$2ysa$$9FENNI<KEEP>
015381750 650 7 L $$aelintarvikkeet$$2ysa$$9FENNI<KEEP>
015381750 650 7 L $$amaataloustuotteet$$2ysa$$9FENNI<KEEP>
015381750 650 7 L $$aympäristökuormitus$$2ysa$$9FENNI<KEEP>
015381750 650 7 L $$aympäristövaikutukset$$2ysa$$9FENNI<KEEP>
015381750 650 7 L $$aelinkaari$$2ysa$$9FENNI<KEEP>
015381750 650 7 L $$aelinkaariarviointi$$2ysa$$9FENNI<KEEP>
015381750 650 7 L $$ameijerituotteet$$2ysa$$9FENNI<KEEP>
015381750 650 7 L $$amaitovalmisteet$$2ysa$$9FENNI<KEEP>
015381750 7001  L $$aTuhkanen, Hanna-Riikka.
015381750 7001  L $$aNousiainen, Jouni.
015381750 7001  L $$aHonkasalo, Niina.
015381750 7001  L $$aVoutilainen, Pasi.
015381750 7001  L $$aKatajajuuri, Juha-Matti,$$d1971-$$0(FIN11)000098255
015381750 7102  L $$aMaa- ja elintarviketalouden tutkimuskeskus$$0(FIN11)000034903
015381750 77608 L $$iPainettu:$$z951-729-807-2$$9FENNI<KEEP>
015381750 830 0 L $$aMaa- ja elintarviketalous,$$x1458-5081 ;$$v35.
015381750 85640 L $$uhttp://urn.fi/URN:ISBN:951-729-808-0$$yLinkki verkkoaineistoon
015381750 85640 L $$uhttp://urn.fi/URN:ISBN:951-729-808-0$$zKäytettävissä vapaakappalekirjastoissa$$5FENNI
015381750 CAT   L $$aFENNI4001$$b30$$c20190221$$lFIN01$$h1155
015381750 901   L $$aSU20190220$$5FENNI
015381750 LOW   L $$aFENNI
