015381770 FMT   L BK
015381770 LDR   L 00000cam^a2200409^i^4500
015381770 001   L 015381770
015381770 005   L 20190221122406.0
015381770 007   L cr||||||||||||
015381770 008   L 190221s2005^^^^fi^|||||o^^^^^00|^0|fin|^
015381770 020   L $$a951-729-943-5$$qPDF
015381770 036   L $$aEEM1306497128_F3F
015381770 040   L $$aFI-NL$$bfin
015381770 0410  L $$afin
015381770 042   L $$afinb
015381770 080   L $$a633+635$$21974/fin/fennica$$9FENNI<KEEP>
015381770 084   L $$a67.36$$2ykl$$9FENNI<KEEP>
015381770 24500 L $$aRuokohelven viljely ja korjuu energian tuotantoa varten /$$cKatri Pahkala ... [ja muita].
015381770 250   L $$a2. korj. p.
015381770 260   L $$aJokioinen :$$bMaa- ja elintarviketalouden tutkimuskeskus,$$c2005
015381770 300   L $$a1 verkkoaineisto (31 sivua) :$$bkuvitettu
015381770 336   L $$ateksti$$btxt$$2rdacontent
015381770 337   L $$atietokonekäyttöinen$$bc$$2rdamedia
015381770 338   L $$averkkoaineisto$$bcr$$2rdacarrier
015381770 4901  L $$aMaa- ja elintarviketalous,$$x1458-5081 ;$$v1
015381770 500   L $$aKasvintuotanto.$$9FENNI<KEEP>
015381770 5061  L $$aAineisto on käytettävissä vapaakappalekirjastoissa.$$fOnline access with authorization$$2star$$5FI-Vapaa$$9FENNI<KEEP>
015381770 540   L $$aAineisto on käytettävissä tutkimus- ja muihin tarkoituksiin;$$bKansalliskirjasto;$$claki kulttuuriaineistojen tallettamisesta ja säilyttämisestä$$uhttp://www.finlex.fi/fi/laki/ajantasa/2007/20071433$$5FI-Vapaa$$9FENNI<KEEP>
015381770 650 7 L $$aruokohelpi$$2ysa$$9FENNI<KEEP>
015381770 650 7 L $$aviljely$$2ysa$$9FENNI<KEEP>
015381770 650 7 L $$asadonkorjuu$$2ysa$$9FENNI<KEEP>
015381770 650 7 L $$aenergialähteet$$2ysa$$9FENNI<KEEP>
015381770 650 7 L $$aenergiantuotanto$$2ysa$$9FENNI<KEEP>
015381770 650 7 L $$abioenergia$$2ysa$$9FENNI<KEEP>
015381770 650 7 L $$abiopolttoaineet$$2ysa$$9FENNI<KEEP>
015381770 7001  L $$aPahkala, Katri,$$d1948-$$0(FIN11)000073945
015381770 77608 L $$iPainettu:$$z951-729-942-7$$9FENNI<KEEP>
015381770 830 0 L $$aMaa- ja elintarviketalous,$$x1458-5081 ;$$v1.
015381770 85640 L $$uhttp://urn.fi/URN:ISBN:951-729-943-5$$yLinkki verkkoaineistoon
015381770 85640 L $$uhttp://urn.fi/URN:ISBN:951-729-943-5$$zKäytettävissä vapaakappalekirjastoissa$$5FENNI
015381770 CAT   L $$aFENNI4001$$b30$$c20190221$$lFIN01$$h1224
015381770 901   L $$aSU20190221$$5FENNI
015381770 LOW   L $$aFENNI
