015382021 FMT   L BK
015382021 LDR   L 00000cam^a2200445^i^4500
015382021 001   L 015382021
015382021 005   L 20190221143617.0
015382021 007   L cr||||||||||||
015382021 008   L 190221s2002^^^^fi^|||||o^^^^^00|^0|fin|^
015382021 020   L $$a951-729-667-3$$qPDF
015382021 036   L $$aEEM1306497327_DBD
015382021 040   L $$aFI-NL$$bfin
015382021 0410  L $$afin$$beng
015382021 042   L $$afinb
015382021 080   L $$a632$$21974/fin/fennica$$9FENNI<KEEP>
015382021 084   L $$a67.31$$2ykl$$9FENNI<KEEP>
015382021 084   L $$a67.39$$2ykl$$9FENNI<KEEP>
015382021 1001  L $$aSuomi, Pasi,$$d1975-$$0(FIN11)000111928
015382021 24510 L $$aDigitaalikuvauksen ja vesiherkän paperin käyttö perunan ruiskutustutkimuksessa /$$cPasi Suomi ja Hannu Haapala.
015382021 260   L $$a[Jokioinen] :$$bMaa- ja elintarviketalouden tutkimuskeskus ;$$a[Vihti] :$$bVakola,$$c2002.
015382021 300   L $$a1 verkkoaineisto (70, [7] sivua) :$$bkuvitettu
015382021 336   L $$ateksti$$btxt$$2rdacontent
015382021 337   L $$atietokonekäyttöinen$$bc$$2rdamedia
015382021 338   L $$averkkoaineisto$$bcr$$2rdacarrier
015382021 4901  L $$aMaa- ja elintarviketalous,$$x1458-5081 ;$$v4
015382021 500   L $$aTeknologia.$$9FENNI<KEEP>
015382021 5061  L $$aAineisto on käytettävissä vapaakappalekirjastoissa.$$fOnline access with authorization$$2star$$5FI-Vapaa$$9FENNI<KEEP>
015382021 520   L $$aAbstract: Digital photography and water sensitive papers in potato spraying research.$$9FENNI<KEEP>
015382021 540   L $$aAineisto on käytettävissä tutkimus- ja muihin tarkoituksiin;$$bKansalliskirjasto;$$claki kulttuuriaineistojen tallettamisesta ja säilyttämisestä$$uhttp://www.finlex.fi/fi/laki/ajantasa/2007/20071433$$5FI-Vapaa$$9FENNI<KEEP>
015382021 650 7 L $$atorjunta-aineet$$2ysa$$9FENNI<KEEP>
015382021 650 7 L $$aruiskutus$$2ysa$$9FENNI<KEEP>
015382021 650 7 L $$atehokkuus$$2ysa$$9FENNI<KEEP>
015382021 650 7 L $$akokeet (tutkimustoiminta)$$2ysa$$9FENNI<KEEP>
015382021 650 7 L $$aanalyysimenetelmät$$2ysa$$9FENNI<KEEP>
015382021 650 7 L $$adigitaalikuvaus$$2ysa$$9FENNI<KEEP>
015382021 650 7 L $$aperuna$$2ysa$$9FENNI<KEEP>
015382021 650 7 L $$akasvinsuojelu$$2ysa$$9FENNI<KEEP>
015382021 7001  L $$aHaapala, Hannu,$$d1961-$$0(FIN11)000067671
015382021 77608 L $$iPainettu:$$z951-729-666-5$$9FENNI<KEEP>
015382021 830 0 L $$aMaa- ja elintarviketalous,$$x1458-5081 ;$$v4.
015382021 85640 L $$uhttp://urn.fi/URN:ISBN:951-729-667-3$$yLinkki verkkoaineistoon
015382021 85640 L $$uhttp://urn.fi/URN:ISBN:951-729-667-3$$zKäytettävissä vapaakappalekirjastoissa$$5FENNI
015382021 CAT   L $$aFENNI4001$$b30$$c20190221$$lFIN01$$h1435
015382021 CAT   L $$aFENNI4001$$b30$$c20190221$$lFIN01$$h1436
015382021 901   L $$aSU20190221$$5FENNI
015382021 LOW   L $$aFENNI
