015382125 FMT   L BK
015382125 LDR   L 00000cam^a2200361^i^4500
015382125 001   L 015382125
015382125 005   L 20190221171835.0
015382125 007   L cr||||||||||||
015382125 008   L 190221s2007^^^^fi^|||||o^^^^f|0|^0|fin|^
015382125 020   L $$a978-952-485-317-0$$qPDF
015382125 040   L $$aFI-NL
015382125 0410  L $$afin$$bswe$$beng
015382125 042   L $$afinb
015382125 0801  L $$a377$$21974/fin/fennica$$9FENNI<KEEP>
015382125 0801  L $$a378$$21974/fin/fennica$$9FENNI<KEEP>
015382125 084   L $$a38.4$$2ykl$$9FENNI<KEEP>
015382125 1101  L $$aAmmattikorkeakoulujen yhteishaun johtoryhmä.$$0(FIN11)000025657
015382125 24510 L $$aAmmattikorkeakoulujen yhteishaun johtoryhmän loppuraportti.
015382125 260   L $$a[Helsinki] :$$bOpetusministeriö, koulutus- ja tiedepolitiikan osasto :$$bjakaja: Yliopistopaino,$$c2007.
015382125 300   L $$a1 verkkoaineisto (80 sivua)
015382125 336   L $$ateksti$$btxt$$2rdacontent
015382125 337   L $$atietokonekäyttöinen$$bc$$2rdamedia
015382125 338   L $$averkkoaineisto$$bcr$$2rdacarrier
015382125 4901  L $$aOpetusministeriön työryhmämuistioita ja selvityksiä,$$x[1797-951X] ;$$v2007:12
015382125 500   L $$aJulkaisussa virheellisesti painetun ISSN-tunnus: 1458-8102.$$9FENNI<KEEP>
015382125 5061  L $$aAineisto on käytettävissä vapaakappalekirjastoissa.$$fOnline access with authorization$$2star$$5FI-Vapaa$$9FENNI<KEEP>
015382125 520   L $$aSlutrapport från ledningsgruppen för yrkeshögskolornas gemensamma ansökan.$$9FENNI<KEEP>
015382125 520   L $$aFinal report of Executive Group of Polytechnics' Joint Application.$$9FENNI<KEEP>
015382125 540   L $$aAineisto on käytettävissä tutkimus- ja muihin tarkoituksiin;$$bKansalliskirjasto;$$claki kulttuuriaineistojen tallettamisesta ja säilyttämisestä$$uhttp://www.finlex.fi/fi/laki/ajantasa/2007/20071433$$5FI-Vapaa$$9FENNI<KEEP>
015382125 650 7 L $$aammattikorkeakoulut$$2ysa$$9FENNI<KEEP>
015382125 650 7 L $$ayhteisvalinta$$2ysa$$9FENNI<KEEP>
015382125 650 7 L $$aopiskelijavalinnat$$2ysa$$9FENNI<KEEP>
015382125 7101  L $$aOpetusministeriö.$$bKoulutus- ja tiedepolitiikan osasto.
015382125 77608 L $$iPainettu:$$z978-952-485-316-3$$9FENNI<KEEP>
015382125 830 0 L $$aOpetusministeriön työryhmämuistioita ja selvityksiä,$$x1797-951X ;$$v2007, 12.
015382125 85640 L $$uhttp://urn.fi/URN:ISBN:978-952-485-317-0$$zKäytettävissä vapaakappalekirjastoissa$$5FENNI
015382125 85640 L $$uhttp://urn.fi/URN:ISBN:978-952-485-317-0$$yLinkki verkkoaineistoon
015382125 CAT   L $$aFENNI4005$$b30$$c20190221$$lFIN01$$h1625
015382125 CAT   L $$aFENNI4005$$b30$$c20190221$$lFIN01$$h1718
015382125 901   L $$aSU20190221$$5FENNI
015382125 LOW   L $$aFENNI
