015382133 FMT   L BK
015382133 LDR   L 00000cam^a2200385^i^4500
015382133 001   L 015382133
015382133 005   L 20190221171909.0
015382133 007   L cr||||||||||||
015382133 008   L 190221s2007^^^^fi^|||||o^^^^f|0|^0|fin|^
015382133 020   L $$a978-952-485-350-7$$qPDF
015382133 040   L $$aFI-NL
015382133 0410  L $$afin$$bswe$$beng
015382133 042   L $$afinb
015382133 0801  L $$a378.4$$21974/fin/fennica$$9FENNI<KEEP>
015382133 084   L $$a38.4$$2ykl$$9FENNI<KEEP>
015382133 1001  L $$aRitsilä, Jari,$$d1964-$$0(FIN11)000090298
015382133 24510 L $$aYliopistojen yhteiskunnallinen vuorovaikutus :$$barviointimalli ja näkemyksiä yliopistojen rooleihin /$$cJari Ritsilä & Mika Nieminen & Markku Sotarauta.
015382133 260   L $$a[Helsinki] :$$bOpetusministeriö, koulutus- ja tiedepolitiikan osasto,$$c2007.
015382133 300   L $$a1 verkkoaineisto (74 sivua)
015382133 336   L $$ateksti$$btxt$$2rdacontent
015382133 337   L $$atietokonekäyttöinen$$bc$$2rdamedia
015382133 338   L $$averkkoaineisto$$bcr$$2rdacarrier
015382133 4901  L $$aOpetusministeriön työryhmämuistioita ja selvityksiä,$$x[1797-951X] ;$$v2007:22
015382133 500   L $$aJulkaisussa virheellisesti painetun ISSN-tunnus: 1458-8102.$$9FENNI<KEEP>
015382133 5061  L $$aAineisto on käytettävissä vapaakappalekirjastoissa.$$fOnline access with authorization$$2star$$5FI-Vapaa$$9FENNI<KEEP>
015382133 520   L $$aUniversitetens samhälleliga växelverkan : en utvärderingsmodell och en kartläggning av universitetens roller.$$9FENNI<KEEP>
015382133 520   L $$aSocietal and economic engagement in universities : an evaluation model and views on the roles of universities.$$9FENNI<KEEP>
015382133 540   L $$aAineisto on käytettävissä tutkimus- ja muihin tarkoituksiin;$$bKansalliskirjasto;$$claki kulttuuriaineistojen tallettamisesta ja säilyttämisestä$$uhttp://www.finlex.fi/fi/laki/ajantasa/2007/20071433$$5FI-Vapaa$$9FENNI<KEEP>
015382133 650 7 L $$ayliopistot$$2ysa$$9FENNI<KEEP>
015382133 650 7 L $$ayhteiskunta$$2ysa$$9FENNI<KEEP>
015382133 650 7 L $$avuorovaikutus$$2ysa$$9FENNI<KEEP>
015382133 650 7 L $$aarviointi$$2ysa$$9FENNI<KEEP>
015382133 7001  L $$aNieminen, Mika.
015382133 7001  L $$aSotarauta, Markku,$$d1963-$$0(FIN11)000069987
015382133 77608 L $$iPainettu:$$z978-952-485-349-1$$9FENNI<KEEP>
015382133 830 0 L $$aOpetusministeriön työryhmämuistioita ja selvityksiä,$$x1797-951X ;$$v2007, 22.
015382133 85640 L $$uhttp://urn.fi/URN:ISBN:978-952-485-350-7$$zKäytettävissä vapaakappalekirjastoissa$$5FENNI
015382133 85640 L $$uhttp://urn.fi/URN:ISBN:978-952-485-350-7$$yLinkki verkkoaineistoon
015382133 CAT   L $$aFENNI4005$$b30$$c20190221$$lFIN01$$h1659
015382133 CAT   L $$aFENNI4005$$b30$$c20190221$$lFIN01$$h1701
015382133 CAT   L $$aFENNI4005$$b30$$c20190221$$lFIN01$$h1719
015382133 901   L $$aSU20190221$$5FENNI
015382133 LOW   L $$aFENNI
