015383311 FMT   L BK
015383311 LDR   L 00000cam^a2200409^i^4500
015383311 001   L 015383311
015383311 005   L 20190222152112.0
015383311 007   L cr||||||||||||
015383311 008   L 190222s2007^^^^fi^|||||o^^^^f|0|^0|fin|^
015383311 020   L $$a978-952-485-361-3$$qPDF
015383311 040   L $$aFI-NL
015383311 0410  L $$afin$$bswe
015383311 042   L $$afinb
015383311 0801  L $$a37$$21974/fin/fennica$$9FENNI<KEEP>
015383311 0801  L $$a331.5$$21974/fin/fennica$$9FENNI<KEEP>
015383311 084   L $$a38$$2ykl$$9FENNI<KEEP>
015383311 084   L $$a36.131$$2ykl$$9FENNI<KEEP>
015383311 1101  L $$aKoulutustarjonta 2012 -projekti.$$0(FIN11)000023735
015383311 24510 L $$aKoulutus ja tutkimus 2007-2012 :$$balustava laskelma koulutustarjonnan tavoitteista vuodelle 2012 /$$c[Koulutustarjonta 2012 -projekti].
015383311 260   L $$a[Helsinki] :$$bOpetusministeriö, koulutus- ja tiedepolitiikan osasto,$$c2007.
015383311 300   L $$a1 verkkoaineisto (96 sivua)
015383311 336   L $$ateksti$$btxt$$2rdacontent
015383311 337   L $$atietokonekäyttöinen$$bc$$2rdamedia
015383311 338   L $$averkkoaineisto$$bcr$$2rdacarrier
015383311 4901  L $$aOpetusministeriön työryhmämuistioita ja selvityksiä,$$x[1797-951X] ;$$v2007:26
015383311 500   L $$aJulkaisussa virheellisesti painetun ISSN-tunnus: 1458-8102.$$9FENNI<KEEP>
015383311 5061  L $$aAineisto on käytettävissä vapaakappalekirjastoissa.$$fOnline access with authorization$$2star$$5FI-Vapaa$$9FENNI<KEEP>
015383311 520   L $$aUtbildning och forskning 2007-2012 : preliminär kalkyl över målen för utbildningsutbudet 2012.
015383311 540   L $$aAineisto on käytettävissä tutkimus- ja muihin tarkoituksiin;$$bKansalliskirjasto;$$claki kulttuuriaineistojen tallettamisesta ja säilyttämisestä$$uhttp://www.finlex.fi/fi/laki/ajantasa/2007/20071433$$5FI-Vapaa$$9FENNI<KEEP>
015383311 650 7 L $$akoulutus$$2ysa$$9FENNI<KEEP>
015383311 650 7 L $$amitoitus$$2ysa$$9FENNI<KEEP>
015383311 650 7 L $$akoulutustarve$$2ysa$$9FENNI<KEEP>
015383311 650 7 L $$aammattirakenne$$2ysa$$9FENNI<KEEP>
015383311 650 7 L $$atyövoima$$xkysyntä$$2ysa$$9FENNI<KEEP>
015383311 650 7 L $$akoulutustarjonta$$2ysa$$9FENNI<KEEP>
015383311 650 7 L $$akoulutuspolitiikka$$2ysa$$9FENNI<KEEP>
015383311 77608 L $$iPainettu:$$z978-952-485-360-6$$9FENNI<KEEP>
015383311 830 0 L $$aOpetusministeriön työryhmämuistioita ja selvityksiä,$$x1797-951X ;$$v2007, 26.
015383311 85640 L $$uhttp://urn.fi/URN:ISBN:978-952-485-361-3$$zKäytettävissä vapaakappalekirjastoissa$$5FI-Vapaa
015383311 85640 L $$uhttp://urn.fi/URN:ISBN:978-952-485-361-3$$yLinkki verkkoaineistoon
015383311 CAT   L $$aFENNI4005$$b30$$c20190222$$lFIN01$$h1445
015383311 CAT   L $$aFENNI4005$$b30$$c20190222$$lFIN01$$h1446
015383311 CAT   L $$aFENNI4005$$b30$$c20190222$$lFIN01$$h1451
015383311 CAT   L $$aFENNI4005$$b30$$c20190222$$lFIN01$$h1521
015383311 901   L $$aSU20190222$$5FENNI
015383311 LOW   L $$aFENNI
