015383598 FMT   L BK
015383598 LDR   L 00000cam^a2200361^i^4500
015383598 001   L 015383598
015383598 005   L 20190222152028.0
015383598 007   L cr||||||||||||
015383598 008   L 190222s2007^^^^fi^|||||o^^^^f|0|^0|fin|^
015383598 020   L $$a978-952-485-363-7$$qPDF
015383598 040   L $$aFI-NL
015383598 0410  L $$afin$$bswe
015383598 042   L $$afinb
015383598 0801  L $$a37$$21974/fin/fennica$$9FENNI<KEEP>
015383598 084   L $$a38$$2ykl$$9FENNI<KEEP>
015383598 1101  L $$aKoulutuksen arviointijärjestelmän kehittämistyöryhmä.$$0(FIN11)000025738
015383598 24510 L $$aKoulutuksen arviointijärjestelmän kehittämistyöryhmän muistio.
015383598 260   L $$a[Helsinki] :$$bOpetusministeriö, koulutus- ja tiedepolitiikan osasto :$$c2007.
015383598 300   L $$a1 verkkoaineisto (67 sivua)
015383598 336   L $$ateksti$$btxt$$2rdacontent
015383598 337   L $$atietokonekäyttöinen$$bc$$2rdamedia
015383598 338   L $$averkkoaineisto$$bcr$$2rdacarrier
015383598 4901  L $$aOpetusministeriön työryhmämuistioita ja selvityksiä,$$x[1797-951X] ;$$v2007:27
015383598 500   L $$aJulkaisussa virheellisesti painetun ISSN-tunnus: 1458-8102.$$9FENNI<KEEP>
015383598 5061  L $$aAineisto on käytettävissä vapaakappalekirjastoissa.$$fOnline access with authorization$$2star$$5FI-Vapaa$$9FENNI<KEEP>
015383598 520   L $$aPromemoria av arbetsgruppen för utveckling av systemet för utbildningsutvärdering.
015383598 540   L $$aAineisto on käytettävissä tutkimus- ja muihin tarkoituksiin;$$bKansalliskirjasto;$$claki kulttuuriaineistojen tallettamisesta ja säilyttämisestä$$uhttp://www.finlex.fi/fi/laki/ajantasa/2007/20071433$$5FI-Vapaa$$9FENNI<KEEP>
015383598 61024 L $$aKoulutuksen arviointineuvosto.$$0(FIN11)000020740$$9FENNI<KEEP>
015383598 61024 L $$aKorkeakoulujen arviointineuvosto.$$0(FIN11)000036925$$9FENNI<KEEP>
015383598 650 7 L $$akoulutus$$2ysa$$9FENNI<KEEP>
015383598 650 7 L $$aarviointi$$2ysa$$9FENNI<KEEP>
015383598 650 7 L $$alaadunvarmistus$$2ysa$$9FENNI<KEEP>
015383598 7101  L $$aSuomi.$$bOpetusministeriö.$$bKoulutus- ja tiedepolitiikan osasto.$$0(FIN11)000034525
015383598 77608 L $$iPainettu:$$z978-952-485-362-0$$9FENNI<KEEP>
015383598 830 0 L $$aOpetusministeriön työryhmämuistioita ja selvityksiä,$$x1797-951X ;$$v2007, 27.
015383598 85640 L $$uhttp://urn.fi/URN:ISBN:978-952-485-363-7$$zKäytettävissä vapaakappalekirjastoissa$$5FENNI
015383598 85640 L $$uhttp://urn.fi/URN:ISBN:978-952-485-363-7$$yLinkki verkkoaineistoon
015383598 CAT   L $$aFENNI4005$$b30$$c20190222$$lFIN01$$h1453
015383598 CAT   L $$aFENNI4005$$b30$$c20190222$$lFIN01$$h1520
015383598 901   L $$aSU20190222$$5FENNI
015383598 LOW   L $$aFENNI
