015383764 FMT   L BK
015383764 LDR   L 00000cam^a22004335i^4500
015383764 001   L 015383764
015383764 005   L 20190222173621.0
015383764 007   L cr||||||||||||
015383764 008   L 190222s2006^^^^fi^||||^o^^^^f|0|^0|fin|^
015383764 015   L $$afe20190099$$2skl$$qPDF
015383764 040   L $$aFI-NL$$bfin$$erda
015383764 0410  L $$afin
015383764 042   L $$afinb
015383764 1102  L $$aPalvelukeskushankkeen ohjausryhmä,$$ekirjoittaja.$$0(FIN11)000189368
015383764 24510 L $$aOpetusministeriön hallinnonalan talous- ja henkilöstöhallinnon palvelukeskushanke :$$besiselvitys /$$cPalvelukeskushankkeen ohjausryhmä.
015383764 264 1 L $$a[Helsinki] :$$bOpetusministeriö,$$c2006.
015383764 300   L $$a1 verkkoaineisto (64 sivua)
015383764 336   L $$ateksti$$btxt$$2rdacontent
015383764 337   L $$atietokonekäyttöinen$$bc$$2rdamedia
015383764 338   L $$averkkoaineisto$$bcr$$2rdacarrier
015383764 500   L $$aLiitteitä.$$9FENNI<KEEP>
015383764 5061  L $$aAineisto on käytettävissä vapaakappalekirjastoissa.$$fOnline access with authorization.$$2star$$5FI-Vapaa$$9FENNI<KEEP>
015383764 540   L $$aAineisto on käytettävissä tutkimus- ja muihin tarkoituksiin;$$bKansalliskirjasto;$$cLaki kulttuuriaineistojen tallettamisesta ja säilyttämisestä$$uhttp://www.finlex.fi/fi/laki/ajantasa/2007/20071433$$5FI-Vapaa$$9FENNI<KEEP>
015383764 7101  L $$aSuomi.$$bOpetusministeriö,$$ejulkaisija.$$0(FIN11)000034970
015383764 856   L $$uhttp://urn.fi/URN:NBN:fi-fe2016061321208$$zKäytettävissä vapaakappalekirjastoissa$$5FI-Vapaa
015383764 85640 L $$uhttp://urn.fi/URN:NBN:fi-fe201706227447$$yLinkki verkkoaineistoon
015383764 CAT   L $$aFENNI4005$$b30$$c20190222$$lFIN01$$h1731
015383764 CAT   L $$aFENNI4005$$b30$$c20190222$$lFIN01$$h1736
015383764 901   L $$aSU2019$$5FENNI
015383764 LOW   L $$aFENNI
